



@inproceedings{aula2005information,
  title={Information search and re-access strategies of experienced web users},
  author={Aula, Anne and Jhaveri, Natalie and K{\"a}ki, Mika},
  booktitle={Proceedings of the 14th international conference on World Wide Web},
  pages={583--592},
  year={2005},
  organization={ACM}
}

@inproceedings{morris2008survey,
  title={A survey of collaborative web search practices},
  author={Morris, Meredith Ringel},
  booktitle={Proceedings of the SIGCHI Conference on Human Factors in Computing Systems},
  pages={1657--1660},
  year={2008},
  organization={ACM}
}


@book{stephens1986foraging,
  title={Foraging theory},
  author={Stephens, David W and Krebs, John R},
  year={1986},
  publisher={Princeton University Press}
}
@inproceedings{qvarfordt2013looking,
  title={Looking ahead: query preview in exploratory search},
  author={Qvarfordt, Pernilla and Golovchinsky, Gene and Dunnigan, Tony and Agapie, Elena},
  booktitle={Proceedings of the 36th international ACM SIGIR conference on Research and development in information retrieval},
  pages={243--252},
  year={2013},
  organization={ACM}
}

@inproceedings{nguyen2014aida,
  title={AIDA-light: High-Throughput Named-Entity Disambiguation.},
  author={Nguyen, Dat Ba and Hoffart, Johannes and Theobald, Martin and Weikum, Gerhard},
  booktitle={LDOW},
  year={2014},
  organization={Citeseer}
}

@misc{porter2001snowball,
  title={Snowball: A language for stemming algorithms},
  author={Porter, Martin F},
  year={2001}
}

