@article{Li2008SelfSelectionAI,
  title={Self-Selection and Information Role of Online Product Reviews},
  author={Xinxin Li and Lorin M. Hitt},
  journal={Information Systems Research},
  year={2008},
  volume={19},
  pages={456-474}
}
@inproceedings{Siangliulue:2016:IIL:2984511.2984578,
 author = {Siangliulue, Pao and Chan, Joel and Dow, Steven P. and Gajos, Krzysztof Z.},
 title = {IdeaHound: Improving Large-scale Collaborative Ideation with Crowd-Powered Real-time Semantic Modeling},
 booktitle = {Proceedings of the 29th Annual Symposium on User Interface Software and Technology},
 series = {UIST '16},
 year = {2016},
 isbn = {978-1-4503-4189-9},
 location = {Tokyo, Japan},
 pages = {609--624},
 numpages = {16},
 url = {http://doi.acm.org/10.1145/2984511.2984578},
 doi = {10.1145/2984511.2984578},
 acmid = {2984578},
 publisher = {ACM},
 address = {New York, NY, USA},
 keywords = {collaborative innovation, idea generation},
} 
@article{wilson1999models,
  title={Models in information behaviour research},
  author={Wilson, Tom D},
  journal={Journal of documentation},
  volume={55},
  number={3},
  pages={249--270},
  year={1999},
  publisher={MCB UP Ltd}
}

@article{manek2017aspect,
  title={Aspect term extraction for sentiment analysis in large movie reviews using Gini Index feature selection method and SVM classifier},
  author={Manek, Asha S and Shenoy, P Deepa and Mohan, M Chandra and Venugopal, KR},
  journal={World wide web},
  volume={20},
  number={2},
  pages={135--154},
  year={2017},
  publisher={Springer}
}

@inproceedings{Hu:2004:MSC:1014052.1014073,
 author = {Hu, Minqing and Liu, Bing},
 title = {Mining and Summarizing Customer Reviews},
 booktitle = {Proceedings of the Tenth ACM SIGKDD International Conference on Knowledge Discovery and Data Mining},
 series = {KDD '04},
 year = {2004},
 isbn = {1-58113-888-1},
 location = {Seattle, WA, USA},
 pages = {168--177},
 numpages = {10},
 url = {http://doi.acm.org/10.1145/1014052.1014073},
 doi = {10.1145/1014052.1014073},
 acmid = {1014073},
 publisher = {ACM},
 address = {New York, NY, USA},
 keywords = {reviews, sentiment classification, summarization, text mining},
} 

@inproceedings{li2010structure,
  title={Structure-aware review mining and summarization},
  author={Li, Fangtao and Han, Chao and Huang, Minlie and Zhu, Xiaoyan and Xia, Ying-Ju and Zhang, Shu and Yu, Hao},
  booktitle={Proceedings of the 23rd international conference on computational linguistics},
  pages={653--661},
  year={2010},
  organization={Association for Computational Linguistics}
}

@article{eirinaki2012feature,
  title={Feature-based opinion mining and ranking},
  author={Eirinaki, Magdalini and Pisal, Shamita and Singh, Japinder},
  journal={Journal of Computer and System Sciences},
  volume={78},
  number={4},
  pages={1175--1184},
  year={2012},
  publisher={Elsevier}
}

@inproceedings{yu2011aspect,
  title={Aspect ranking: identifying important product aspects from online consumer reviews},
  author={Yu, Jianxing and Zha, Zheng-Jun and Wang, Meng and Chua, Tat-Seng},
  booktitle={Proceedings of the 49th Annual Meeting of the Association for Computational Linguistics: Human Language Technologies-Volume 1},
  pages={1496--1505},
  year={2011},
  organization={Association for Computational Linguistics}
}

@article{krishnamoorthy2015linguistic,
  title={Linguistic features for review helpfulness prediction},
  author={Krishnamoorthy, Srikumar},
  journal={Expert Systems with Applications},
  volume={42},
  number={7},
  pages={3751--3759},
  year={2015},
  publisher={Elsevier}
}

@inproceedings{Kim:2006:AAR:1610075.1610135,
 author = {Kim, Soo-Min and Pantel, Patrick and Chklovski, Tim and Pennacchiotti, Marco},
 title = {Automatically Assessing Review Helpfulness},
 booktitle = {Proceedings of the 2006 Conference on Empirical Methods in Natural Language Processing},
 series = {EMNLP '06},
 year = {2006},
 isbn = {1-932432-73-6},
 location = {Sydney, Australia},
 pages = {423--430},
 numpages = {8},
 url = {http://dl.acm.org/citation.cfm?id=1610075.1610135},
 acmid = {1610135},
 publisher = {Association for Computational Linguistics},
 address = {Stroudsburg, PA, USA},
} 
@inproceedings{Ghose:2007:DNR:1282100.1282158,
 author = {Ghose, Anindya and Ipeirotis, Panagiotis G.},
 title = {Designing Novel Review Ranking Systems: Predicting the Usefulness and Impact of Reviews},
 booktitle = {Proceedings of the Ninth International Conference on Electronic Commerce},
 series = {ICEC '07},
 year = {2007},
 isbn = {978-1-59593-700-1},
 location = {Minneapolis, MN, USA},
 pages = {303--310},
 numpages = {8},
 url = {http://doi.acm.org/10.1145/1282100.1282158},
 doi = {10.1145/1282100.1282158},
 acmid = {1282158},
 publisher = {ACM},
 address = {New York, NY, USA},
 keywords = {Web 2.0, consumer reviews, econometrics, electronic commerce, electronic markets, opinion mining, product review, sentiment analysis, text mining, user-generated content},
} 

@article{Racherla:2012:PUO:2400774.2401599,
 author = {Racherla, Pradeep and Friske, Wesley},
 title = {Perceived 'Usefulness' of Online Consumer Reviews: An Exploratory Investigation Across Three Services Categories},
 journal = {Electron. Commer. Rec. Appl.},
 issue_date = {November, 2012},
 volume = {11},
 number = {6},
 month = nov,
 year = {2012},
 issn = {1567-4223},
 pages = {548--559},
 numpages = {12},
 url = {http://dx.doi.org/10.1016/j.elerap.2012.06.003},
 doi = {10.1016/j.elerap.2012.06.003},
 acmid = {2401599},
 publisher = {Elsevier Science Publishers B. V.},
 address = {Amsterdam, The Netherlands, The Netherlands},
 keywords = {Expertise, Identity disclosure, Message usefulness, Online reviews, Reputation, Word-of-mouth (WOM)},
} 

@inproceedings{searchlens,
 author = {Chang, Joseph Chee and Hahn, Nathan and Perer, Adam and Kittur, Aniket},
 title = {SearchLens Composing and Capturing Complex User Interests for Exploratory Search},
 booktitle = {Proceedings of the 24th International Conference on Intelligent User Interfaces},
 series = {IUI '19},
 year = {2019},
 url = {http://doi.acm.org/10.1145/3301275.3302321},
 doi = {10.1145/3301275.3302321},
 publisher = {ACM},
 address = {Marina del Rey, CA, USA},
} 
@inproceedings{Chang:2017:Revolt,
 author = {Chang, Joseph Chee and Amershi, Saleema and Kamar, Ece},
 title = {Revolt: Collaborative Crowdsourcing for Labeling Machine Learning Datasets},
 booktitle = {Proceedings of the 2017 CHI Conference on Human Factors in Computing Systems},
 series = {CHI '17},
 year = {2017},
 url = {http://doi.acm.org/10.1145/3025453.3026044},
 doi = {10.1145/3025453.3026044},
 publisher = {ACM},
 address = {New York, NY, USA},
} 
@inproceedings{Chang:2016:SMS:2984511.2984538,
 author = {Chang, Joseph Chee and Hahn, Nathan and Kittur, Aniket},
 title = {Supporting Mobile Sensemaking Through Intentionally Uncertain Highlighting},
 booktitle = {Proceedings of the 29th Annual Symposium on User Interface Software and Technology},
 series = {UIST '16},
 year = {2016},
 isbn = {978-1-4503-4189-9},
 location = {Tokyo, Japan},
 pages = {61--68},
 numpages = {8},
 url = {http://doi.acm.org/10.1145/2984511.2984538},
 doi = {10.1145/2984511.2984538},
 acmid = {2984538},
 publisher = {ACM},
 address = {New York, NY, USA},
 keywords = {annotation, capture, copy-paste, highlighting., information, saving, sensemaking},
} 


@inproceedings{Fogg:2003:UEC:997078.997097,
 author = {Fogg, B. J. and Soohoo, Cathy and Danielson, David R. and Marable, Leslie and Stanford, Julianne and Tauber, Ellen R.},
 title = {How Do Users Evaluate the Credibility of Web Sites?: A Study with over 2,500 Participants},
 booktitle = {Proceedings of the 2003 Conference on Designing for User Experiences},
 series = {DUX '03},
 year = {2003},
 isbn = {1-58113-728-1},
 location = {San Francisco, California},
 pages = {1--15},
 numpages = {15},
 url = {http://doi.acm.org/10.1145/997078.997097},
 doi = {10.1145/997078.997097},
 acmid = {997097},
 publisher = {ACM},
 address = {New York, NY, USA},
 keywords = {Web site design, World Wide Web, captology, content analysis, credibility, information design, online advertising, online research, online trust, persuasion, prominence-interpretation theory, trustworthiness},
} 

@article{chernev2015choice,
  title={Choice overload: A conceptual review and meta-analysis},
  author={Chernev, Alexander and B{\"o}ckenholt, Ulf and Goodman, Joseph},
  journal={Journal of Consumer Psychology},
  volume={25},
  number={2},
  pages={333--358},
  year={2015},
  publisher={Elsevier}
}

@inproceedings{wildemuth2012assigning,
  title={Assigning search tasks designed to elicit exploratory search behaviors},
  author={Wildemuth, Barbara M and Freund, Luanne},
  booktitle={Proceedings of the Symposium on Human-Computer Interaction and Information Retrieval},
  pages={4},
  year={2012},
  organization={ACM}
}

@article{white2009exploratory,
  title={Exploratory search: Beyond the query-response paradigm},
  author={White, Ryen W and Roth, Resa A},
  journal={Synthesis lectures on information concepts, retrieval, and services},
  volume={1},
  number={1},
  pages={1--98},
  year={2009},
  publisher={Morgan \& Claypool Publishers}
}
@article{simon1971designing,
  title={Designing organizations for an information-rich world},
  journal={The Johns Hopkins
Press},
  author={Simon, Herbert A},
  year={1971}
}
@article{gladwell2004ketchup,
  title={The ketchup conundrum},
  author={Gladwell, Malcolm},
  journal={New Yorker},
  volume={6},
  year={2004}
}
@inproceedings{navalpakkam2013measurement,
  title={Measurement and modeling of eye-mouse behavior in the presence of nonlinear page layouts},
  author={Navalpakkam, Vidhya and Jentzsch, LaDawn and Sayres, Rory and Ravi, Sujith and Ahmed, Amr and Smola, Alex},
  booktitle={Proceedings of the 22nd international conference on World Wide Web},
  pages={953--964},
  year={2013},
  organization={ACM}
}
@article{von2008recaptcha,
  title={recaptcha: Human-based character recognition via web security measures},
  author={Von Ahn, Luis and Maurer, Benjamin and McMillen, Colin and Abraham, David and Blum, Manuel},
  journal={Science},
  volume={321},
  number={5895},
  pages={1465--1468},
  year={2008},
  publisher={American Association for the Advancement of Science}
}
@inproceedings{franklin2011crowddb,
  title={CrowdDB: answering queries with crowdsourcing},
  author={Franklin, Michael J and Kossmann, Donald and Kraska, Tim and Ramesh, Sukriti and Xin, Reynold},
  booktitle={Proceedings of the 2011 ACM SIGMOD International Conference on Management of data},
  pages={61--72},
  year={2011}
}