
@misc{w3counter,
  title = {{Web Browser Usage Trends}},
  howpublished = {{https://www.w3counter.com/trends}},
  author={{W3C, W3Counter}},
  year = {2017},
  note = {Accessed: 2017-09-10}
}
@misc{dmoz,
  title = {{DMOZ: The Open Directory Project}},
  howpublished = {{https://www.dmoz.org/, http://dmoz-odp.org/}},
  year = {1998-2017,2017-},
  note = {Accessed: 2017-09-10,2019-01-13},
  author = {The Open Directory Project}
}
 
@misc{web5,
  title = {{Master Your Browsers Tabs with These Tricks and Extensions}},
  howpublished = {{http://lifehacker.com/5883299/master-your-browsers-tabs-with-these-tricks-and-extensions}},
  author = {Life Hacker},
  year = {2012},
  note = {Accessed: 2017-09-10}
}

@misc{web1,
  title = {{I have a serious problem with browser tab hoarding}},
  howpublished = {{https://www.reddit.com/r/declutter/comments/1jpw13/ i\_have\_a\_serious\_problem\_with\_browser\_tab\_hoarding/}},
  year = {2013},
  author = {Reddit},
  note = {Accessed: 2017-09-10}
}

@misc{web2,
  title = {{I'm a digital hoarder. I opened chrome to find all my tabs gone. I feel relieved.}},
  howpublished = {{https://www.reddit.com/r/declutter/comments/4qkomc/ im\_a\_digital\_hoarder\_i\_opened\_chrome\_to\_find\_all/}},
  year = {2016},
  author = {Reddit},
  note = {Accessed: 2017-09-10}
}

@misc{web3,
  title = {{Why You Should Never Have More Than Nine Browser Tabs Open}},
  howpublished = {{http://lifehacker.com/5984149/why-you-should-never-have-more-than-nine-browser-tabs-open}},
  year = {2013},
  author = {Life Hacker},
  note = {Accessed: 2017-09-10}
}

@misc{web4,
  title = {{It's Okay to Open More Than Nine Browser Tabs; Here's How to Easily Manage Them}},
  howpublished = {{http://lifehacker.com/5985462/its-okay-to-open-more-than-nine-browser-tabs-you-just-need-to-manage-them-properly}},
  year = {2013},
  author = {Life Hacker},
  note = {Accessed: 2017-09-10}
}


@misc{suspend1,
  title = {{The Great Suspender}},
  author = {Chrome Extension},
  howpublished = {{https://chrome.google.com/webstore/detail/the-great-suspender/ klbibkeccnjlkjkiokjodocebajanakg?hl=en}},
  year = {2017},
  note = {Accessed: 2017-09-10}
}

@misc{suspend2,
  title = {{Tab Suspender}},
  author = {Chrome Extension},
  howpublished = {{https://chrome.google.com/webstore/detail/tab-suspender/ fiabciakcmgepblmdkmemdbbkilneeeh?hl=en}},
  year = {2017},
  note = {Accessed: 2017-09-10}
}


@misc{vtabs,
  title = {{vTabs}},
  author = {Chrome Extension},
  howpublished = {{https://chrome.google.com/webstore/detail/vtabs/ okpnlgbgcfchbicbhjmmhldhkbkfilce}},
  year = {2017},
  note = {Accessed: 2017-09-10}
}


@misc{treetabs,
  title = {{Firefox Extension: Tree Style Tabs}},
  author = {Firefox Extension},
  howpublished = {{https://addons.mozilla.org/en-US/firefox/addon/tree-style-tab/?src=search}},
  year = {2017},
  note = {Accessed: 2017-09-10}
}



@inproceedings{Dubroy:2010:STB:1753326.1753426,
 author = {Dubroy, Patrick and Balakrishnan, Ravin},
 title = {A Study of Tabbed Browsing Among Mozilla Firefox Users},
 booktitle = {Proceedings of the SIGCHI Conference on Human Factors in Computing Systems},
 series = {CHI '10},
 year = {2010},
 isbn = {978-1-60558-929-9},
 location = {Atlanta, Georgia, USA},
 pages = {673--682},
 numpages = {10},
 url = {http://doi.acm.org/10.1145/1753326.1753426},
 doi = {10.1145/1753326.1753426},
 acmid = {1753426},
 publisher = {ACM},
 address = {New York, NY, USA},
 keywords = {hypertext, tabbed document interfaces, tabs, web browser interfaces, web browsing, www},
} 

@article{schwartz2002maximizing,
  title={Maximizing versus satisficing: happiness is a matter of choice.},
  author={Schwartz, Barry and Ward, Andrew and Monterosso, John and Lyubomirsky, Sonja and White, Katherine and Lehman, Darrin R},
  journal={Journal of personality and social psychology},
  volume={83},
  number={5},
  pages={1178},
  year={2002},
  publisher={American Psychological Association}
}

@article{nenkov2008short,
  title={A short form of the Maximization Scale: Factor structure, reliability and validity studies},
  author={Nenkov, Gergana Y and Morrin, Maureen and Schwartz, Barry and Ward, Andrew and Hulland, John},
  journal={Judgment and Decision Making},
  volume={3},
  number={5},
  pages={371--388},
  year={2008}
}
@inproceedings{whittaker1996email,
  title={Email overload: exploring personal information management of email},
  author={Whittaker, Steve and Sidner, Candace},
  booktitle={Proceedings of the SIGCHI conference on Human factors in computing systems},
  pages={276--283},
  year={1996},
  organization={ACM}
}

@inproceedings{huang2012no,
  title={No search result left behind: branching behavior with browser tabs},
  author={Huang, Jeff and Lin, Thomas and White, Ryen W},
  booktitle={Proceedings of the fifth ACM international conference on Web search and data mining},
  pages={203--212},
  year={2012},
  organization={ACM}
}


@inproceedings{huang2010parallel,
  title={Parallel browsing behavior on the web},
  author={Huang, Jeff and White, Ryen W},
  booktitle={Proceedings of the 21st ACM conference on Hypertext and hypermedia},
  pages={13--18},
  year={2010},
  organization={ACM}
}

@article{catledge1995characterizing,
  title={Characterizing browsing strategies in the World-Wide Web},
  author={Catledge, Lara D and Pitkow, James E},
  journal={Computer Networks and ISDN systems},
  volume={27},
  number={6},
  pages={1065--1073},
  year={1995},
  publisher={Elsevier}
}

@article{tauscher1997people,
  title={How people revisit web pages: Empirical findings and implications for the design of history systems},
  author={Tauscher, Linda and Greenberg, Saul},
  journal={International Journal of Human-Computer Studies},
  volume={47},
  number={1},
  pages={97--137},
  year={1997},
  publisher={Elsevier}
}

@inproceedings{weinreich2006off,
  title={Off the beaten tracks: exploring three aspects of web navigation},
  author={Weinreich, Harald and Obendorf, Hartmut and Herder, Eelco and Mayer, Matthias},
  booktitle={Proceedings of the 15th international conference on World Wide Web},
  pages={133--142},
  year={2006},
  organization={ACM}
}

@article{weinreich2008not,
  title={Not quite the average: An empirical study of Web use},
  author={Weinreich, Harald and Obendorf, Hartmut and Herder, Eelco and Mayer, Matthias},
  journal={ACM Transactions on the Web (TWEB)},
  volume={2},
  number={1},
  pages={5},
  year={2008},
  publisher={ACM}
}
@inproceedings{grevet2014overload,
  title={Overload is overloaded: email in the age of Gmail},
  author={Grevet, Catherine and Choi, David and Kumar, Debra and Gilbert, Eric},
  booktitle={Proceedings of the sigchi conference on human factors in computing systems},
  pages={793--802},
  year={2014},
  organization={ACM}
}
@inproceedings{fisher2006revisiting,
  title={Revisiting Whittaker \& Sidner's email overload ten years later},
  author={Fisher, Danyel and Brush, AJ and Gleave, Eric and Smith, Marc A},
  booktitle={Proceedings of the 2006 20th anniversary conference on Computer supported cooperative work},
  pages={309--312},
  year={2006},
  organization={ACM}
}
@inproceedings{bellotti2003taking,
  title={Taking email to task: the design and evaluation of a task management centered email tool},
  author={Bellotti, Victoria and Ducheneaut, Nicolas and Howard, Mark and Smith, Ian},
  booktitle={Proceedings of the SIGCHI conference on Human factors in computing systems},
  pages={345--352},
  year={2003},
  organization={ACM}
}
@article{bellotti2005quality,
  title={Quality versus quantity: E-mail-centric task management and its relation with overload},
  author={Bellotti, Victoria and Ducheneaut, Nicolas and Howard, Mark and Smith, Ian and Grinter, Rebecca E},
  journal={Human-computer interaction},
  volume={20},
  number={1},
  pages={89--138},
  year={2005},
  publisher={L. Erlbaum Associates Inc.}
}
@inproceedings{dabbish2005understanding,
  title={Understanding email use: predicting action on a message},
  author={Dabbish, Laura A and Kraut, Robert E and Fussell, Susan and Kiesler, Sara},
  booktitle={Proceedings of the SIGCHI conference on Human factors in computing systems},
  pages={691--700},
  year={2005},
  organization={ACM}
}

@inproceedings{jones2008beyond,
  title={Beyond the session timeout: automatic hierarchical segmentation of search topics in query logs},
  author={Jones, Rosie and Klinkner, Kristina Lisa},
  booktitle={Proceedings of the 17th ACM conference on Information and knowledge management},
  pages={699--708},
  year={2008},
  organization={ACM}
}
@article{kannan2016smart,
  title={Smart reply: Automated response suggestion for email},
  author={Kannan, Anjuli and Kurach, Karol and Ravi, Sujith and Kaufmann, Tobias and Tomkins, Andrew and Miklos, Balint and Corrado, Greg and Luk{\'a}cs, L{\'a}szl{\'o} and Ganea, Marina and Young, Peter and others},
  journal={arXiv preprint arXiv:1606.04870},
  year={2016}
}

@article{kahneman1984choices,
  title={Choices, values, and frames.},
  author={Kahneman, Daniel and Tversky, Amos},
  journal={American psychologist},
  volume={39},
  number={4},
  pages={341},
  year={1984},
  publisher={American Psychological Association}
}

@article{kahneman1984choices,
  title={Choices, values, and frames.},
  author={Kahneman, Daniel and Tversky, Amos},
  journal={American psychologist},
  volume={39},
  number={4},
  pages={341},
  year={1984},
  publisher={American Psychological Association}
}

@article{tversky1991loss,
    title={Loss aversion in riskless choice: A reference-dependent model},
    author={Tversky, Amos and Kahneman, Daniel},
    journal={The quarterly journal of economics},
    volume={106},
    number={4},
    pages={1039--1061},
    year={1991},
    publisher={MIT Press}
}

@article{baddeley1974working,
    title={Working memory},
    author={Baddeley, Alan D and Hitch, Graham},
    journal={Psychology of learning and motivation},
    volume={8},
    pages={47--89},
    year={1974},
    publisher={Elsevier}
}

@article{lansdale1988psychology,
  title={The psychology of personal information management},
  author={Lansdale, Mark W},
  journal={Applied ergonomics},
  volume={19},
  number={1},
  pages={55--66},
  year={1988},
  publisher={Elsevier}
}

@article{birnholtz2012distance,
  title={Distance, ambiguity and appropriation: Structures affording impression management in a collocated organization},
  author={Birnholtz, Jeremy and Dixon, Graham and Hancock, Jeffrey},
  journal={Computers in Human Behavior},
  volume={28},
  number={3},
  pages={1028--1035},
  year={2012},
  publisher={Elsevier}
}