@article{chen2015tripplanner,
  title={TripPlanner: Personalized trip planning leveraging heterogeneous crowdsourced digital footprints},
  author={Chen, Chao and Zhang, Daqing and Guo, Bin and Ma, Xiaojuan and Pan, Gang and Wu, Zhaohui},
  journal={IEEE Transactions on Intelligent Transportation Systems},
  volume={16},
  number={3},
  pages={1259--1273},
  year={2015},
  publisher={IEEE}
}

@article{gene,
  title={Gene Ontology: tool for the unification of biology},
  author={Ashburner, Michael and Ball, Catherine A and Blake, Judith A and Botstein, David and Butler, Heather and Cherry, J Michael and Davis, Allan P and Dolinski, Kara and Dwight, Selina S and Eppig, Janan T and others},
  journal={Nature genetics},
  volume={25},
  number={1},
  pages={25},
  year={2000},
  publisher={Nature Publishing Group}
}

@inproceedings{spotlight,
  title={DBpedia spotlight: shedding light on the web of documents},
  author={Mendes, Pablo N and Jakob, Max and Garc{\'\i}a-Silva, Andr{\'e}s and Bizer, Christian},
  booktitle={Proceedings of the 7th international conference on semantic systems},
  pages={1--8},
  year={2011},
  organization={ACM}
}

@incollection{dbpedia,
  title={Dbpedia: A nucleus for a web of open data},
  author={Auer, S{\"o}ren and Bizer, Christian and Kobilarov, Georgi and Lehmann, Jens and Cyganiak, Richard and Ives, Zachary},
  booktitle={The semantic web},
  pages={722--735},
  year={2007},
  publisher={Springer}
}

@inproceedings{fader2011identifying,
  title={Identifying relations for open information extraction},
  author={Fader, Anthony and Soderland, Stephen and Etzioni, Oren},
  booktitle={Proceedings of the conference on empirical methods in natural language processing},
  pages={1535--1545},
  year={2011},
  organization={Association for Computational Linguistics}
}

@inproceedings{hearst1992automatic,
  title={Automatic acquisition of hyponyms from large text corpora},
  author={Hearst, Marti A},
  booktitle={Proceedings of the 14th conference on Computational linguistics-Volume 2},
  pages={539--545},
  year={1992},
  organization={Association for Computational Linguistics}
}

@inproceedings{pasupat2014zero,
  title={Zero-shot entity extraction from web pages},
  author={Pasupat, Panupong and Liang, Percy},
  booktitle={Proceedings of the 52nd Annual Meeting of the Association for Computational Linguistics (Volume 1: Long Papers)},
  volume={1},
  pages={391--401},
  year={2014}
}

@article{whatwentwrong,
  title={The semantic web and end users: What's wrong and how to fix it},
  author={Karger, David R},
  journal={IEEE Internet Computing},
  volume={18},
  number={6},
  pages={64--70},
  year={2014},
  publisher={IEEE}
}

@inproceedings{thresher,
  title={Thresher: automating the unwrapping of semantic content from the World Wide Web},
  author={Hogue, Andrew and Karger, David},
  booktitle={Proceedings of the 14th international conference on World Wide Web},
  pages={86--95},
  year={2005},
  organization={ACM}
}

@article{andolina2018querytogether,
  title={Querytogether: Enabling entity-centric exploration in multi-device collaborative search},
  author={Andolina, Salvatore and Klouche, Khalil and Ruotsalo, Tuukka and Flor{\'e}en, Patrik and Jacucci, Giulio},
  journal={Information Processing \& Management},
  year={2018},
  publisher={Elsevier}
}

@inproceedings{klouche2018hyperlinks,
  title={From Hyperlinks to Hypercues: Entity-Based Affordances for Fluid Information Exploration},
  author={Klouche, Khalil and Ruotsalo, Tuukka and Jacucci, Giulio},
  booktitle={Proceedings of the 2018 on Designing Interactive Systems Conference 2018},
  pages={401--411},
  year={2018},
  organization={ACM}
}

@article{syed2017optimizing,
  title={Optimizing search results for human learning goals},
  author={Syed, Rohail and Collins-Thompson, Kevyn},
  journal={Information Retrieval Journal},
  volume={20},
  number={5},
  pages={506--523},
  year={2017},
  publisher={Springer}
}

@inproceedings{bota,
  title={Playing your cards right: The effect of entity cards on search behaviour and workload},
  author={Bota, Horatiu and Zhou, Ke and Jose, Joemon M},
  booktitle={Proceedings of the 2016 ACM on Conference on Human Information Interaction and Retrieval},
  pages={131--140},
  year={2016},
  organization={ACM}
}

@inproceedings{notetoself,
  title={Note to self: examining personal information keeping in a lightweight note-taking tool},
  author={Van Kleek, Max G and Bernstein, Michael and Panovich, Katrina and Vargas, Gregory G and Karger, David R and Schraefel, MC},
  booktitle={Proceedings of the SIGCHI Conference on Human Factors in Computing Systems},
  pages={1477--1480},
  year={2009},
  organization={ACM}
}

@inproceedings{miliaraki2015selena,
  title={From selena gomez to marlon brando: Understanding explorative entity search},
  author={Miliaraki, Iris and Blanco, Roi and Lalmas, Mounia},
  booktitle={Proceedings of the 24th International Conference on World Wide Web},
  pages={765--775},
  year={2015},
  organization={International World Wide Web Conferences Steering Committee}
}

@article{mar2006exp,
  title={Exploratory search: from finding to understanding},
  author={Marchionini, Gary},
  journal={Communications of the ACM},
  volume={49},
  number={4},
  pages={41--46},
  year={2006},
  publisher={ACM}
}

@inproceedings{rose2004understanding,
  title={Understanding user goals in web search},
  author={Rose, Daniel E and Levinson, Danny},
  booktitle={Proceedings of the 13th international conference on World Wide Web},
  pages={13--19},
  year={2004},
  organization={ACM}
}
@inproceedings{kules2009exploratory,
  title={What do exploratory searchers look at in a faceted search interface?},
  author={Kules, Bill and Capra, Robert and Banta, Matthew and Sierra, Tito},
  booktitle={Proceedings of the 9th ACM/IEEE-CS joint conference on Digital libraries},
  pages={313--322},
  year={2009},
  organization={ACM}
}

@article{marchionini2006towards,
  title={Towards a general relation browser: A GUI for information architects},
  author={Marchionini, Gary and Brunk, Ben},
  journal={Journal of Digital Information},
  volume={4},
  number={1},
  year={2006}
}

@inproceedings{capra2008relation,
  title={The relation browser tool for faceted exploratory search},
  author={Capra, Robert G and Marchionini, Gary},
  booktitle={Proceedings of the 8th ACM/IEEE-CS joint conference on Digital libraries},
  pages={420--420},
  year={2008},
  organization={ACM}
}

@inproceedings{yee2003faceted,
  title={Faceted metadata for image search and browsing},
  author={Yee, Ka-Ping and Swearingen, Kirsten and Li, Kevin and Hearst, Marti},
  booktitle={Proceedings of the SIGCHI conference on Human factors in computing systems},
  pages={401--408},
  year={2003},
  organization={ACM}
}

@article{hearst2002finding,
  title={Finding the flow in web site search},
  author={Hearst, Marti and Elliott, Ame and English, Jennifer and Sinha, Rashmi and Swearingen, Kirsten and Yee, Ka-Ping},
  journal={Communications of the ACM},
  volume={45},
  number={9},
  pages={42--49},
  year={2002},
  publisher={ACM}
}

@inproceedings{o2010tweetmotif,
  title={TweetMotif: Exploratory Search and Topic Summarization for Twitter.},
  author={O'Connor, Brendan and Krieger, Michel and Ahn, David},
  booktitle={ICWSM},
  pages={384--385},
  year={2010}
}

@article{wilson2006mspace,
  title={mSpace: improving information access to multimedia domains with multimodal exploratory search},
  author={Wilson, Max and Russell, Alistair and Smith, Daniel A and others},
  journal={Communications of the ACM},
  volume={49},
  number={4},
  pages={47--49},
  year={2006},
  publisher={ACM}
}



@article{dork2012pivotpaths,
  title={PivotPaths: Strolling through faceted information spaces},
  author={D{\"o}rk, Marian and Riche, Nathalie Henry and Ramos, Gonzalo and Dumais, Susan},
  journal={IEEE Transactions on Visualization and Computer Graphics},
  volume={18},
  number={12},
  pages={2709--2718},
  year={2012},
  publisher={IEEE}
}

@inproceedings{klouche2015designing,
  title={Designing for exploratory search on touch devices},
  author={Klouche, Khalil and Ruotsalo, Tuukka and Cabral, Diogo and Andolina, Salvatore and Bellucci, Andrea and Jacucci, Giulio},
  booktitle={Proceedings of the 33rd Annual ACM Conference on Human Factors in Computing Systems},
  pages={4189--4198},
  year={2015},
  organization={ACM}
}
@inproceedings{hearst2009nlp,
  title={NLP support for faceted navigation in scholarly collections},
  author={Hearst, Marti A and Stoica, Emilia},
  booktitle={Proceedings of the 2009 workshop on text and citation analysis for scholarly digital libraries},
  pages={62--70},
  year={2009},
  organization={Association for Computational Linguistics}
}


@article{bruce1999workplace,
  title={Workplace experiences of information literacy},
  author={Bruce, Christine Susan},
  journal={International journal of information management},
  volume={19},
  number={1},
  pages={33--47},
  year={1999},
  publisher={Elsevier}
}

@inproceedings{capra2010tools,
  title={Tools-at-hand and learning in multi-session, collaborative search},
  author={Capra, Robert and Marchionini, Gary and Velasco-Martin, Javier and Muller, Katrina},
  booktitle={Proceedings of the SIGCHI Conference on Human Factors in Computing Systems},
  pages={951--960},
  year={2010},
  organization={ACM}
}


@inproceedings{aula2005information,
  title={Information search and re-access strategies of experienced web users},
  author={Aula, Anne and Jhaveri, Natalie and K{\"a}ki, Mika},
  booktitle={Proceedings of the 14th international conference on World Wide Web},
  pages={583--592},
  year={2005},
  organization={ACM}
}

@inproceedings{morris2008survey,
  title={A survey of collaborative web search practices},
  author={Morris, Meredith Ringel},
  booktitle={Proceedings of the SIGCHI Conference on Human Factors in Computing Systems},
  pages={1657--1660},
  year={2008},
  organization={ACM}
}

@article{white2006supporting,
  title={Supporting exploratory search, introduction, special issue, communications of the ACM},
  author={White, Ryen W and Kules, Bill and Drucker, Steven M and others},
  journal={Communications of the ACM},
  volume={49},
  number={4},
  pages={36--39},
  year={2006}
}

@article{teevan2008challenges,
  title={Challenges for supporting faceted search in large, heterogeneous corpora like the web},
  author={Teevan, Jaime and Dumais, Susan T and Gutt, Zachary},
  journal={Proceedings of HCIR},
  volume={2008},
  pages={87},
  year={2008},
  publisher={Citeseer}
}

@inproceedings{ka,
  title={The Knowledge Accelerator: Big picture thinking in small pieces},
  author={Hahn, Nathan and Chang, Joseph and Kim, Ji Eun and Kittur, Aniket},
  booktitle={Proceedings of the 2016 CHI Conference on Human Factors in Computing Systems},
  pages={2258--2270},
  year={2016},
  organization={ACM}
}

@inproceedings{hahn2018bento,
  title={Bento Browser: Complex Mobile Search Without Tabs},
  author={Hahn, Nathan and Chang, Joseph Chee and Kittur, Aniket},
  booktitle={Proceedings of the 2018 CHI Conference on Human Factors in Computing Systems},
  pages={251},
  year={2018},
  organization={ACM}
}


@inproceedings{chang2016supporting,
  title={Supporting mobile sensemaking through intentionally uncertain highlighting},
  author={Chang, Joseph Chee and Hahn, Nathan and Kittur, Aniket},
  booktitle={Proceedings of the 29th Annual Symposium on User Interface Software and Technology},
  pages={61--68},
  year={2016},
  organization={ACM}
}


@inproceedings{hearst1996reexamining,
  title={Reexamining the cluster hypothesis: scatter/gather on retrieval results},
  author={Hearst, Marti A and Pedersen, Jan O},
  booktitle={Proceedings of the 19th annual international ACM SIGIR conference on Research and development in information retrieval},
  pages={76--84},
  year={1996},
  organization={ACM}
}

@inproceedings{hearst1996visualizing,
  title={Visualizing information retrieval results: a demonstration of the TileBar interface},
  author={Hearst, Marti A and Pedersen, Jan O},
  booktitle={Conference Companion on Human Factors in Computing Systems},
  pages={394--395},
  year={1996},
  organization={ACM}
}

@article{hearst2006clustering,
  title={Clustering versus faceted categories for information exploration},
  author={Hearst, Marti A},
  journal={Communications of the ACM},
  volume={49},
  number={4},
  pages={59--61},
  year={2006},
  publisher={ACM}
}


@inproceedings{pennington2014glove,
  title={Glove: Global Vectors for Word Representation.},
  author={Pennington, Jeffrey and Socher, Richard and Manning, Christopher D},
  booktitle={EMNLP},
  volume={14},
  pages={1532--1543},
  year={2014}
}

@article{mikolov2013efficient,
  title={Efficient estimation of word representations in vector space},
  author={Mikolov, Tomas and Chen, Kai and Corrado, Greg and Dean, Jeffrey},
  journal={arXiv preprint arXiv:1301.3781},
  year={2013}
}

@inproceedings{carlson2010toward,
  title={Toward an Architecture for Never-Ending Language Learning.},
  author={Carlson, Andrew and Betteridge, Justin and Kisiel, Bryan and Settles, Burr and Hruschka Jr, Estevam R and Mitchell, Tom M},
  booktitle={AAAI},
  volume={5},
  pages={3},
  year={2010}
}

@inproceedings{bollacker2008freebase,
  title={Freebase: a collaboratively created graph database for structuring human knowledge},
  author={Bollacker, Kurt and Evans, Colin and Paritosh, Praveen and Sturge, Tim and Taylor, Jamie},
  booktitle={Proceedings of the 2008 ACM SIGMOD international conference on Management of data},
  pages={1247--1250},
  year={2008},
  organization={ACM}
}


@inproceedings{teevan2013slow,
  title={Slow search: Information retrieval without time constraints},
  author={Teevan, Jaime and Collins-Thompson, Kevyn and White, Ryen W and Dumais, Susan T and Kim, Yubin},
  booktitle={Proceedings of the Symposium on Human-Computer Interaction and Information Retrieval},
  pages={1},
  year={2013},
  organization={ACM}
}
@book{stephens1986foraging,
  title={Foraging theory},
  author={Stephens, David W and Krebs, John R},
  year={1986},
  publisher={Princeton University Press}
}
@article{wilson2008improving,
  title={Improving Exploratory Search Interfaces: Adding Value or Information Overload?},
  author={Wilson, Max L and others},
  year={2008},
  publisher={University of Southampton},
  journal={Second Workshop on Human-Computer Interaction and Information Retrieval Second Workshop on Human-Computer Interaction and Information Retrieval}
}
@inproceedings{schwartz2004paradox,
  booktitle={The paradox of choice: Why more is less},
  title={The paradox of choice: Why more is less},
  author={Schwartz, Barry},
  year={2004},
  organization={Ecco New York}
}

@book{hearst2009search,
  title={Search user interfaces},
  author={Hearst, Marti},
  year={2009},
  publisher={Cambridge University Press}
}

@inproceedings{marchionini2000agileviews,
  title={Agileviews},
  author={Marchionini, Gary J and Geisler, Gary and Brunk, Ben},
  booktitle={Proceedings of the ASIST Annual Meeting},
  volume={37},
  pages={271--280},
  year={2000}
}
@article{patterson2001predicting,
  title={Predicting vulnerabilities in computer-supported inferential analysis under data overload},
  author={Patterson, Emily S and Roth, Emilie M and Woods, David D},
  journal={Cognition, Technology \& Work},
  volume={3},
  number={4},
  pages={224--237},
  year={2001},
  publisher={Springer}
}

@inproceedings{tretter2013searchpanel,
  title={SearchPanel: A Browser Extension for Managing Search Activity.},
  author={Tretter, Simon and Golovchinsky, Gene and Qvarfordt, Pernilla},
  booktitle={EuroHCIR},
  pages={51--54},
  year={2013}
}
@inproceedings{morris2008searchbar,
  title={SearchBar: a search-centric web history for task resumption and information re-finding},
  author={Morris, Dan and Ringel Morris, Meredith and Venolia, Gina},
  booktitle={Proceedings of the SIGCHI Conference on Human Factors in Computing Systems},
  pages={1207--1216},
  year={2008},
  organization={ACM}
}

@inproceedings{peltonen2017topic,
  title={Topic-Relevance Map: Visualization for Improving Search Result Comprehension},
  author={Peltonen, Jaakko and Belorustceva, Kseniia and Ruotsalo, Tuukka},
  booktitle={Proceedings of the 22nd International Conference on Intelligent User Interfaces},
  pages={611--622},
  year={2017},
  organization={ACM}
}
@inproceedings{kong2014extending,
  title={Extending faceted search to the general web},
  author={Kong, Weize and Allan, James},
  booktitle={Proceedings of the 23rd ACM International Conference on Conference on Information and Knowledge Management},
  pages={839--848},
  year={2014},
  organization={ACM}
}
@article{chen2001metaspider,
  title={MetaSpider: Meta-searching and categorization on the Web},
  author={Chen, Hsinchun and Fan, Haiyan and Chau, Michael and Zeng, Daniel},
  journal={Journal of the American Society for Information Science and Technology},
  volume={52},
  number={13},
  pages={1134--1147},
  year={2001},
  publisher={Wiley Online Library}
}

@article{kohonen1998self,
  title={The self-organizing map},
  author={Kohonen, Teuvo},
  journal={Neurocomputing},
  volume={21},
  number={1},
  pages={1--6},
  year={1998},
  publisher={Elsevier}
}

@inproceedings{qvarfordt2013looking,
  title={Looking ahead: query preview in exploratory search},
  author={Qvarfordt, Pernilla and Golovchinsky, Gene and Dunnigan, Tony and Agapie, Elena},
  booktitle={Proceedings of the 36th international ACM SIGIR conference on Research and development in information retrieval},
  pages={243--252},
  year={2013},
  organization={ACM}
}

@inproceedings{jin2013interactive,
  title={Interactive exploratory search for multi page search results},
  author={Jin, Xiaoran and Sloan, Marc and Wang, Jun},
  booktitle={Proceedings of the 22nd international conference on World Wide Web},
  pages={655--666},
  year={2013},
  organization={ACM}
}

@inproceedings{dang2012diversity,
  title={Diversity by proportionality: an election-based approach to search result diversification},
  author={Dang, Van and Croft, W Bruce},
  booktitle={Proceedings of the 35th international ACM SIGIR conference on Research and development in information retrieval},
  pages={65--74},
  year={2012},
  organization={ACM}
}


@article{yosef2011aida,
  title={Aida: An online tool for accurate disambiguation of named entities in text and tables},
  author={Yosef, Mohamed Amir and Hoffart, Johannes and Bordino, Ilaria and Spaniol, Marc and Weikum, Gerhard},
  journal={Proceedings of the VLDB Endowment},
  volume={4},
  number={12},
  pages={1450--1453},
  year={2011}
}

@inproceedings{nguyen2014aida,
  title={AIDA-light: High-Throughput Named-Entity Disambiguation.},
  author={Nguyen, Dat Ba and Hoffart, Johannes and Theobald, Martin and Weikum, Gerhard},
  booktitle={LDOW},
  year={2014},
  organization={Citeseer}
}

@inproceedings{chang2009wikisense,
  title={WikiSense: Supersense Tagging of Wikipedia Named Entities Based WordNet.},
  author={Chang, Joseph Z and Tsai, Richard Tzong-Han and Chang, Jason S},
  booktitle={PACLIC},
  pages={72--81},
  year={2009}
}
@inproceedings{shneiderman1996eyes,
  title={The eyes have it: A task by data type taxonomy for information visualizations},
  author={Shneiderman, Ben},
  booktitle={Visual Languages, 1996. Proceedings., IEEE Symposium on},
  pages={336--343},
  year={1996},
  organization={IEEE}
}
@inproceedings{kohlschutter2010boilerplate,
  title={Boilerplate detection using shallow text features},
  author={Kohlsch{\"u}tter, Christian and Fankhauser, Peter and Nejdl, Wolfgang},
  booktitle={Proceedings of the third ACM international conference on Web search and data mining},
  pages={441--450},
  year={2010},
  organization={ACM}
}


@misc{porter2001snowball,
  title={Snowball: A language for stemming algorithms},
  author={Porter, Martin F},
  year={2001}
}

@book{baeza1999modern,
  title={Modern information retrieval},
  author={Baeza-Yates, Ricardo and Ribeiro-Neto, Berthier and others},
  volume={463. Page 513},
  page={513},
  year={1999},
  publisher={ACM press New York}
}
@inproceedings{white2006report,
  title={Report on ACM SIGIR 2006 workshop on evaluating exploratory search systems},
  author={White, Ryen W and Muresan, Gheorghe and Marchionini, Gary},
  booktitle={ACM SIGIR Forum},
  year={2006},
  organization={ACM}
}

@article{kules2008creating,
  title={Creating exploratory tasks for a faceted search interface},
  author={Kules, Bill and Capra, Robert},
  journal={Proc. of HCIR 2008},
  pages={18--21},
  year={2008},
  publisher={Citeseer}
}
@inproceedings{zeng2004learning,
  title={Learning to cluster web search results},
  author={Zeng, Hua-Jun and He, Qi-Cai and Chen, Zheng and Ma, Wei-Ying and Ma, Jinwen},
  booktitle={Proceedings of the 27th annual international ACM SIGIR conference on Research and development in information retrieval},
  pages={210--217},
  year={2004},
  organization={ACM}
}

@article{zamir1999grouper,
  title={Grouper: a dynamic clustering interface to Web search results},
  author={Zamir, Oren and Etzioni, Oren},
  journal={Computer Networks},
  volume={31},
  number={11},
  pages={1361--1374},
  year={1999},
  publisher={Elsevier}
}
@inproceedings{hearst2006design,
  title={Design recommendations for hierarchical faceted search interfaces},
  author={Hearst, Marti},
  booktitle={ACM SIGIR workshop on faceted search},
  pages={1--5},
  year={2006},
  organization={Seattle, WA}
}
@inproceedings{Hagen:2016:WSA:2854946.2854969,
 author = {Hagen, Matthias and Potthast, Martin and V\"{o}lske, Michael and Gomoll, Jakob and Stein, Benno},
 title = {How Writers Search: Analyzing the Search and Writing Logs of Non-fictional Essays},
 booktitle = {Proceedings of the 2016 ACM on Conference on Human Information Interaction and Retrieval},
 series = {CHIIR '16},
 year = {2016},
 isbn = {978-1-4503-3751-9},
 location = {Carrboro, North Carolina, USA},
 pages = {193--202},
 numpages = {10},
 url = {http://doi.acm.org/10.1145/2854946.2854969},
 doi = {10.1145/2854946.2854969},
 acmid = {2854969},
 publisher = {ACM},
 address = {New York, NY, USA},
 keywords = {boil-down writing, build-up writing, clueweb09, essay writing, exploratory search, query log analysis, search behavior, search missions, search sessions, search strategies, text reuse, trec topics, user study, webis text reuse corpus 2012, writer dedication, writing behavior},
} 
@inproceedings{stefanowski2003carrot,
  title={Carrot\^{} 2 and Language Properties in Web Search Results Clustering},
  author={Stefanowski, Jerzy and Weiss, Dawid},
  booktitle={AWIC},
  pages={240--249},
  year={2003},
  organization={Springer}
}
@article{potthast2013exploratory,
  title={Exploratory Search Missions for TREC Topics.},
  author={Potthast, Martin and Hagen, Matthias and V{\"o}lske, Michael and Stein, Benno},
  journal={EuroHCIR},
  volume={1033},
  pages={7},
  year={2013}
}
@misc{forrester,
  author={J Anderson},
  year={2009},
  title={{Forrester Market Report: Consumer Behavior Online: A 2009 Deep Dive}},
  howpublished={{http://www.forrester.com/go?docid=54327}},
  note = {Accessed: 2017-09-10}
}

@misc{acrobat,
  key = "acrobat",
  title = {{Adobe Acrobat Reader 7}},
   note = {\url{http://www.adobe.com/products/acrobat/}}
}

@article{ethics,
  title = {{Social Impacts of Computing: Codes of Professional Ethics}},
  author = {Ronald E. Anderson},
  doi = "10.1177/089443939201000402",
  journal = "Social Science Computer Review December",
  year = 1992,
  volume = 10,
  number = 4,
  pages = "453-469"
}

@misc{acm_categories,
  key = "association",
  title = {{How to Classify Works Using ACM's Computing Classification System}},
  note = {\url{http://www.acm.org/class/how_to_use.html}},
},

@inproceedings{Klemmer:2002:WSC:503376.503378,
 author = {Klemmer, Scott R. and Thomsen, Michael and Phelps-Goodman, Ethan and Lee, Robert and Landay, James A.},
 title = {Where do web sites come from?: capturing and interacting with design history},
 booktitle = {Proc. CHI 2002},
 year = {2002},
 pages = {1--8},
 publisher = {ACM Press},
} 

@inproceedings{Mather:2000:MUT,
  title = {Making up titles for conference papers},
  author = {Mather, B. D.},
  booktitle = {Ext. Abstracts CHI 2000},
  year = 2000,
  publisher = "ACM Press",
  pages = "1-2",
}

@book{Schwartz:1995:GBF,
  title = {{Guidelines for Bias-Free Writing}},
  author = {Schwartz, Marilyn},
  publisher = {Indiana University Press},
  location = {Bloomington, IN, USA},
  year = 1995,
}

@inproceedings{Zellweger:2001:FAO:504216.504224,
 author = {Zellweger, Polle T. and Bouvin, Niels Olof and Jeh{\o}j, Henning and Mackinlay, Jock D.},
 title = {Fluid annotations in an open world},
 booktitle = {Proc. Hypertext 2001},
 year = {2001},
 pages = {9--18},
 publisher = {ACM Press},
} 



@inproceedings{o1997comparison,
  title={A comparison of reading paper and on-line documents},
  author={O'hara, Kenton and Sellen, Abigail},
  booktitle={Proceedings of the ACM SIGCHI Conference on Human factors in computing systems},
  pages={335--342},
  year={1997},
  organization={ACM}
}


@article{liao2008papiercraft,
  title={Papiercraft: A gesture-based command system for interactive paper},
  author={Liao, Chunyuan and Guimbreti{\`e}re, Fran{\c{c}}ois and Hinckley, Ken and Hollan, Jim},
  journal={ACM Transactions on Computer-Human Interaction (TOCHI)},
  volume={14},
  number={4},
  pages={18},
  year={2008},
  publisher={ACM}
}

@inproceedings{marshall1999introducing,
  title={Introducing a digital library reading appliance into a reading group},
  author={Marshall, Catherine C and Price, Morgan N and Golovchinsky, Gene and Schilit, Bill N},
  booktitle={Proceedings of the fourth ACM conference on Digital libraries},
  pages={77--84},
  year={1999},
  organization={ACM}
}
@inproceedings{bianchi2015designing,
  title={Designing a physical aid to support active reading on tablets},
  author={Bianchi, Andrea and Ban, So-Ryang and Oakley, Ian},
  booktitle={Proceedings of the 33rd Annual ACM Conference on Human Factors in Computing Systems},
  pages={699--708},
  year={2015},
  organization={ACM}
}
@article{o1996towards,
  title={Towards a typology of reading goals rxrc affordances of paper project},
  author={O'Hara, K},
  journal={Rank Xerox Research Center, Cambridge, UK},
  year={1996}
}