
@inproceedings{vinh2009information,
  year={2009},
  title={Information theoretic measures for clusterings comparison: is a correction for chance necessary?},
  author={Vinh, Nguyen Xuan and Epps, Julien and Bailey, James},
  booktitle={Proc. ICML 2009},
  pages={1073--1080},
  organization={ACM}
}

@inproceedings{bragg2013crowdsourcing,
  title={Crowdsourcing multi-label classification for taxonomy creation},
  author={Bragg, Jonathan and Weld, Daniel S and others},
  booktitle={First AAAI conference on human computation and crowdsourcing},
  year={2013}
}

@inproceedings{Bernstein:2012:DAS:2207676.2207710,
 author = {Bernstein, Michael S. and Teevan, Jaime and Dumais, Susan and Liebling, Daniel and Horvitz, Eric},
 title = {Direct Answers for Search Queries in the Long Tail},
 booktitle = {Proc. CHI 2012},
 year = {2012},
 isbn = {978-1-4503-1015-4},
 location = {Austin, Texas, USA},
 pages = {237--246},
 numpages = {10},
 publisher = {ACM},
 keywords = {crowdsourcing, query log analysis, search user interfaces},
} 

@inproceedings{chilton2014frenzy,
  title={Frenzy: Collaborative data organization for creating conference sessions},
  author={Chilton, Lydia B and Kim, Juho and Andr{\'e}, Paul and Cordeiro, Felicia and Landay, James A and Weld, Daniel S and Dow, Steven P and Miller, Robert C and Zhang, Haoqi},
  booktitle={Proc. CHI 2014},
  pages={1255--1264},
  year={2014},
  organization={ACM}
}

@article{platt1999probabilistic,
  title={Probabilistic outputs for support vector machines and comparisons to regularized likelihood methods},
  author={Platt, John and others},
  journal={Advances in large margin classifiers},
  volume={10},
  number={3},
  pages={61--74},
  year={1999},
  publisher={Cambridge, MA}
}

@article{lin2007note,
  title={A note on Platt’s probabilistic outputs for support vector machines},
  author={Lin, Hsuan-Tien and Lin, Chih-Jen and Weng, Ruby C},
  journal={Machine learning},
  volume={68},
  number={3},
  pages={267--276},
  year={2007},
  publisher={Springer}
}


@article{hull1920,
  title={Quantitative aspects of evolution of concepts: An experimental study.},
  author={Hull, Clark L},
  journal={Psychological monographs},
  volume={28},
  number={1},
  pages={i},
  year={1920},
  publisher={Psychological Review Company}
}

@article{rosch1973natural,
  title={Natural categories},
  author={Rosch, Eleanor H},
  journal={Cognitive psychology},
  volume={4},
  number={3},
  pages={328--350},
  year={1973},
  publisher={Elsevier}
}

@book{jain1988algorithms,
  title={Algorithms for clustering data},
  author={Jain, Anil K and Dubes, Richard C},
  year={1988},
  publisher={Prentice-Hall, Inc.}
}

@book{manning2008introduction,
  title={Introduction to information retrieval},
  author={Manning, Christopher D and Raghavan, Prabhakar and Sch{\"u}tze, Hinrich},
  volume={1},
  year={2008},
  publisher={Cambridge university press Cambridge}
}

@ARTICLE{Jones72astatistical,
    author = {Karen Spärck Jones},
    title = {A statistical interpretation of term specificity and its application in retrieval},
    journal = {Journal of Documentation},
    year = {1972},
    volume = {28},
    pages = {11--21}
}

@book{hartigan1975clustering,
  title={Clustering algorithms},
  author={Hartigan, John A},
  year={1975},
  publisher={John Wiley \& Sons, Inc.}
}

@book{Bellman:2003:DP:862270,
 author = {Bellman, Richard Ernest},
 title = {Dynamic Programming},
 year = {2003},
 isbn = {0486428095},
 publisher = {Dover Publications, Incorporated},
} 


@inproceedings{steinbach2000comparison,
  title={A comparison of document clustering techniques},
  author={Steinbach, Michael and Karypis, George and Kumar, Vipin and others},
  booktitle={KDD workshop on text mining},
  volume={400},
  pages={525--526},
  year={2000},
  organization={Boston}
}

@article{leacock1998using,
  title={Using corpus statistics and WordNet relations for sense identification},
  author={Leacock, Claudia and Miller, George A and Chodorow, Martin},
  journal={Computational Linguistics},
  volume={24},
  number={1},
  pages={147--165},
  year={1998},
  publisher={MIT Press}
}

@inproceedings{wu1994verbs,
  title={Verbs semantics and lexical selection},
  author={Wu, Zhibiao and Palmer, Martha},
  booktitle={Proc. ACL 1994},
  pages={133--138},
  organization={Association for Computational Linguistics}
}

@article{resnik1995using,
  title={Using information content to evaluate semantic similarity in a taxonomy},
  author={Resnik, Philip},
  journal={arXiv preprint cmp-lg/9511007},
  year={1995}
}

@article{jiang1997semantic,
  title={Semantic similarity based on corpus statistics and lexical taxonomy},
  author={Jiang, Jay J and Conrath, David W},
  journal={arXiv preprint cmp-lg/9709008},
  year={1997}
}

@inproceedings{lin1998automatic,
  title={Automatic retrieval and clustering of similar words},
  author={Lin, Dekang},
  booktitle={Proc. ACL 1998},
  pages={768--774},
  organization={Association for Computational Linguistics}
}

@inproceedings{hearst1996customizing,
  title={Customizing a lexicon to better suit a computational task},
  author={Hearst, Marti A and Sch{\"u}tze, Hinrich},
  booktitle={Proc. of the Workshop on Extracting Lexical Knowledge},
  year={1996},
  organization={Citeseer}
}

@book{murphy2004big,
  title={The big book of concepts},
  author={Murphy, Gregory L},
  year={2004},
  publisher={MIT press}
}

@article{smoke1932objective,
  title={An objective study of concept formation.},
  author={Smoke, Kenneth L},
  journal={Psychological Monographs},
  volume={42},
  number={4},
  pages={i},
  year={1932},
  publisher={Psychological Review Company}
}

@article{bruner1956austin,
  title={A study of thinking},
  author={Bruner, Jerome S and Goodnow, Jacqueline J and George, A},
  journal={New York, JohnWiley \& Sons. BrunerA study of thinking1956},
  year={1956}
}


@article{rosch1975cognitive,
  title={Cognitive representations of semantic categories.},
  author={Rosch, Eleanor},
  journal={Journal of experimental psychology: General},
  volume={104},
  number={3},
  pages={192},
  year={1975},
  publisher={American Psychological Association}
}

@article{medin1978context,
  title={Context theory of classification learning.},
  author={Medin, Douglas L and Schaffer, Marguerite M},
  journal={Psychological review},
  volume={85},
  number={3},
  pages={207},
  year={1978},
  publisher={American Psychological Association}
}

@article{mayr1963animal,
	title={Animal species and evolution.},
	author={Mayr, Ernst and others},
	journal={Animal species and their evolution.},
	year={1963},
	publisher={Harvard University Press; London: Oxford University Press}
}
@article{collins1969retrieval,
  title={Retrieval time from semantic memory},
  author={Collins, Allan M and Quillian, M Ross},
  journal={Journal of verbal learning and verbal behavior},
  volume={8},
  number={2},
  pages={240--247},
  year={1969},
  publisher={Elsevier}
}
@book{fellbaum1999wordnet,
  title={WordNet},
  author={Fellbaum, Christiane},
  year={1999},
  publisher={Wiley Online Library}
}

@article{berlin1992ethnobiological,
  title={Ethnobiological classification},
  author={Berlin, Brent},
  year={1992},
  publisher={$\{$Princeton University Press$\}$}
}
@article{brown1958shall,
  title={How shall a thing be called?},
  author={Brown, Roger},
  journal={Psychological review},
  volume={65},
  number={1},
  pages={14},
  year={1958},
  publisher={American Psychological Association}
}
@article{rosch1976basic,
  title={Basic objects in natural categories},
  author={Rosch, Eleanor and Mervis, Carolyn B and Gray, Wayne D and Johnson, David M and Boyes-Braem, Penny},
  journal={Cognitive psychology},
  volume={8},
  number={3},
  pages={382--439},
  year={1976},
  publisher={Elsevier}
}
@article{murphy1984changes,
  title={Changes in conceptual structure with expertise: Differences between real-world experts and novices.},
  author={Murphy, Gregory L and Wright, Jack C},
  journal={Journal of Experimental Psychology: Learning, Memory, and Cognition},
  volume={10},
  number={1},
  pages={144},
  year={1984},
  publisher={American Psychological Association}
}

@article{chi1981categorization,
  title={Categorization and representation of physics problems by experts and novices*},
  author={Chi, Michelene TH and Feltovich, Paul J and Glaser, Robert},
  journal={Cognitive science},
  volume={5},
  number={2},
  pages={121--152},
  year={1981},
  publisher={Wiley Online Library}
}

@inproceedings{yarowsky1995unsupervised,
  title={Unsupervised word sense disambiguation rivaling supervised methods},
  author={Yarowsky, David},
  booktitle={Proc. of the 33rd annual meeting on Association for Computational Linguistics},
  pages={189--196},
  year={1995},
  organization={Association for Computational Linguistics}
}

@article{abney2004understanding,
  title={Understanding the yarowsky algorithm},
  author={Abney, Steven},
  journal={Computational Linguistics},
  volume={30},
  number={3},
  pages={365--395},
  year={2004},
  publisher={MIT Press}
}

@inproceedings{yi2012semi,
  title={Semi-crowdsourced clustering: Generalizing crowd labeling by robust distance metric learning},
  author={Yi, Jinfeng and Jin, Rong and Jain, Shaili and Yang, Tianbao and Jain, Anil K},
  booktitle={Advances in Neural Information Processing Systems},
  pages={1772--1780},
  year={2012}
}

@article{haffari2012analysis,
  title={Analysis of s[crowdkerneloemi-supervised learning with the yarowsky algorithm},
  author={Haffari, Gholam Reza and Sarkar, Anoop},
  journal={arXiv preprint arXiv:1206.5240},
  year={2012}
}
@inproceedings{bickel2004multi,
  title={Multi-View Clustering.},
  author={Bickel, Steffen and Scheffer, Tobias},
  booktitle={ICDM},
  volume={4},
  pages={19--26},
  year={2004}
}
@article{kriegel2009clustering,
  title={Clustering high-dimensional data: A survey on subspace clustering, pattern-based clustering, and correlation clustering},
  author={Kriegel, Hans-Peter and Kr{\"o}ger, Peer and Zimek, Arthur},
  journal={ACM TKDD},
  year={2009},
  publisher={ACM}
}

@inproceedings{huang2006text,
  title={Text clustering with extended user feedback},
  author={Huang, Yifen and Mitchell, Tom M},
  booktitle={Proc. of the 2006 ACM SIGIR},
  pages={413--420},
  year={2006},
  organization={ACM}
}

@inproceedings{ipeirotis2010quality,
  title={Quality management on amazon mechanical turk},
  author={Ipeirotis, Panagiotis G and Provost, Foster and Wang, Jing},
  booktitle={Proc. of the ACM SIGKDD},
  pages={64--67},
  year={2010},
  organization={ACM}
}

@inproceedings{rzeszotarski2012crowdscape,
  title={CrowdScape: interactively visualizing user behavior and output},
  year={2012},
  author={Rzeszotarski, Jeffrey and Kittur, Aniket},
  booktitle={Proc. UIST 2012},
  pages={55--62},
  organization={ACM}
}

@inproceedings{callison2009fast,
  title={Fast, cheap, and creative: evaluating translation quality using Amazon's Mechanical Turk},
  author={Callison-Burch, Chris},
  booktitle={Proc. of the 2009 Conference on EMNLP},
  pages={286--295},
  year={2009},
  organization={Association for Computational Linguistics}
}
@inproceedings{chilton2013cascade,
  title={Cascade: Crowdsourcing taxonomy creation},
  author={Chilton, Lydia B and Little, Greg and Edge, Darren and Weld, Daniel S and Landay, James A},
  booktitle={Proc. CHI 2013},
  pages={1999--2008},
  year={2013},
  organization={ACM}
}
@inproceedings{andre2014crowd,
  year={2014},
  title={Crowd synthesis: Extracting categories and clusters from complex data},
  author={Andr\'e, Paul and Kittur, Aniket and Dow, Steven P},
  booktitle={Proc. CSCW 2014},
}
@article{pirolli1999information,
  title={Information foraging.},
  author={Pirolli, Peter and Card, Stuart},
  journal={Psychological review},
  volume={106},
  number={4},
  pages={643},
  year={1999},
  publisher={American Psychological Association}
}

@inproceedings{kittur2008crowdsourcing,
  year={2008},
  title={Crowdsourcing user studies with Mechanical Turk},
  author={Kittur, Aniket and Chi, Ed H and Suh, Bongwon},
  booktitle={Proc. CHI 2008},
  pages={453--456},
  organization={ACM}
}

@inproceedings{kittur2013costs,
  year={2013},
  title={Costs and benefits of structured information foraging},
  author={Kittur, Aniket and Peters, Andrew M and Diriye, Abdigani and Telang, Trupti and Bove, Michael R},
  booktitle={Proc. CHI 2013},
  pages={2989--2998},
  organization={ACM}
}
@INPROCEEDINGS{tamuz2011adaptively,
    author = {Omer Tamuz and Ce Liu and Serge Belongie and Ohad Shamir and Adam Tauman Kalai},
    title = {Adaptively learning the crowd kernel},
    booktitle = {In ICML’11},
    year = {2011}
}

@inproceedings{yi2012crowdclustering,
  title={Crowdclustering with sparse pairwise labels: A matrix completion approach},
  author={Yi, Jinfeng and Jin, Rong and Jain, Anil K and Jain, Shaili},
  booktitle={AAAI Workshop on Human Computation},
  volume={2},
  year={2012}
}
@inproceedings{andre2013community,
  title={Community clustering: Leveraging an academic crowd to form coherent conference sessions},
  author={Andr\'e, Paul and Zhang, Haoqi and Kim, Juho and Chilton, Lydia and Dow, Steven P and Miller, Robert C},
  booktitle={First AAAI Conference on Human Computation and Crowdsourcing},
  year={2013}
}

@article{medlin1978,
	title={Context theory of classification learning},
	author={D.L. Medin, M. M. Schaffer},
	journal={Psychological review},
	volume={85}, 
	number={3},
	year={1978},
	pages={207}
}
@article{wu2004probability,
  title={Probability estimates for multi-class classification by pairwise coupling},
  author={Wu, Ting-Fan and Lin, Chih-Jen and Weng, Ruby C},
  journal={Journal of Machine Learning Research},
  volume={5},
  number={975-1005},
  pages={4},
  year={2004}
}

@article{chang2011libsvm,
  title={LIBSVM: a library for support vector machines},
  author={Chang, Chih-Chung and Lin, Chih-Jen},
  journal={ACM 2011 TIST},
  volume={2},
  number={3},
  pages={27},
  year={2011},
  publisher={ACM}
}


@inproceedings{chuang2012termite,
  title={Termite: Visualization techniques for assessing textual topic models},
  author={Chuang, Jason and Manning, Christopher D and Heer, Jeffrey},
  booktitle={Proc. of the International Working Conference on Advanced Visual Interfaces},
  pages={74--77},
  year={2012},
  organization={ACM}
}


@article{Raykar:2010:LC:1756006.1859894,
  acmid = {1859894},
  added-at = {2012-06-12T17:56:45.000+0200},
  author = {Raykar, Vikas C. and Yu, Shipeng and Zhao, Linda H. and Valadez, Gerardo Hermosillo and Florin, Charles and Bogoni, Luca and Moy, Linda},
  description = {Learning From Crowds},
  interhash = {8113daf47997fddf48e4c6c79f2eba56},
  intrahash = {a9281b06cb55b5a40d658d50ccbb0af7},
  issn = {1532-4435},
  issue_date = {3/1/2010},
  journal = {J. Mach. Learn. Res.},
  keywords = {cirg crowdsourcing},
  month = aug,
  numpages = {26},
  pages = {1297--1322},
  publisher = {JMLR.org},
  timestamp = {2012-06-12T17:56:45.000+0200},
  title = {Learning From Crowds},
  volume = 11,
  year = 2010
}

@inproceedings{mikolov2013linguistic,
  title={Linguistic regularities in continuous space word representations},
  author={Mikolov, Tomas and Yih, Wen-tau and Zweig, Geoffrey},
  booktitle={Proc. of NAACL-HLT 2013},
  pages={746--751},
}

@inproceedings{socher2012semantic,
  title={Semantic compositionality through recursive matrix-vector spaces},
  author={Socher, Richard and Huval, Brody and Manning, Christopher D and Ng, Andrew Y},
  booktitle={Proc. EMNLP 2012},
  pages={1201--1211},
  organization={Association for Computational Linguistics}
}

@inproceedings{socher2013recursive,
  title={Recursive deep models for semantic compositionality over a sentiment treebank},
  author={Socher, Richard and Perelygin, Alex and Wu, Jean Y and Chuang, Jason and Manning, Christopher D and Ng, Andrew Y and Potts, Christopher},
  booktitle={Proc. of the Conference on EMNLP},
  pages={1631--1642},
  year={2013}
}

@article{blei2003latent,
  title={Latent dirichlet allocation},
  author={Blei, David M and Ng, Andrew Y and Jordan, Michael I},
  journal={the Journal of machine Learning research},
  volume={3},
  pages={993--1022},
  year={2003},
  publisher={JMLR. org}
}

@inproceedings{snow2008cheap,
  title={Cheap and fast---but is it good?: evaluating non-expert annotations for natural language tasks},
  author={Snow, Rion and O'Connor, Brendan and Jurafsky, Daniel and Ng, Andrew Y},
  booktitle={Proc. EMNLP 2008},
  pages={254--263},
  organization={Association for Computational Linguistics}
}

@article{reilly2005rapid,
  title={A rapid method for the comparison of cluster analyses},
  author={Reilly, Cavan and Wang, Changchun and Rutherford, Mark},
  journal={Statistica Sinica},
  volume={15},
  number={1},
  pages={19--33},
  year={2005},
  publisher={Statistica Sinica}
}

@article{bhavnani2005difficult,
  title={Why is it difficult to find comprehensive information? Implications of information scatter for search and design},
  author={Bhavnani, Suresh K},
  journal={Journal of the American Society for Information Science and Technology},
  volume={56},
  number={9},
  pages={989--1003},
  year={2005},
  publisher={Wiley Online Library}
}


% 30% number was derived from:
@article{kellar2007field,
  title={A field study characterizing Web-based information-seeking tasks},
  author={Kellar, Melanie and Watters, Carolyn and Shepherd, Michael},
  journal={Journal of the American Society for Information Science and Technology},
  volume={58},
  number={7},
  pages={999--1018},
  year={2007},
  publisher={Wiley Online Library}
}
% And you can also cite for the 30% our article below:
@inproceedings{kittur2014standing,
  title={Standing on the schemas of giants: socially augmented information foraging},
  author={Kittur, Aniket and Peters, Andrew M and Diriye, Abdigani and Bove, Michael},
  booktitle={Proc. of the 17th ACM conference on CSCW},
  pages={999--1010},
  year={2014},
  organization={ACM}
}

@inproceedings{Fisher:2012:DSI:2207676.2207711,
 author = {Fisher, Kristie and Counts, Scott and Kittur, Aniket},
 title = {Distributed Sensemaking: Improving Sensemaking by Leveraging the Efforts of Previous Users},
 booktitle = {Proc. CHI 2012},
 isbn = {978-1-4503-1015-4},
 location = {Austin, Texas, USA},
 pages = {247--256},
 numpages = {10},
 doi = {10.1145/2207676.2207711},
 acmid = {2207711},
 publisher = {ACM},
 keywords = {collaboration, knowledge mapping, search, sensemaking},
} 

@inproceedings{Kittur:2013:FCW:2441776.2441923,
 author = {Kittur, Aniket and Nickerson, Jeffrey V. and Bernstein, Michael and Gerber, Elizabeth and Shaw, Aaron and Zimmerman, John and Lease, Matt and Horton, John},
 title = {The Future of Crowd Work},
 booktitle = {Proc. CSCW 2013},
 isbn = {978-1-4503-1331-5},
 location = {San Antonio, Texas, USA},
 pages = {1301--1318},
 numpages = {18},
 publisher = {ACM},
 keywords = {crowd work, crowdsourcing, organization design, research vision},
} 

@article{deerwester1990indexing,
  title={Indexing by latent semantic analysis},
  author={Deerwester, Scott C. and Dumais, Susan T and Landauer, Thomas K. and Furnas, George W. and Harshman, Richard A.},
  journal={JASIS},
  volume={41},
  number={6},
  pages={391--407},
  year={1990}
}

@inproceedings{white2007studying,
  year={2007},
  title={Studying the use of popular destinations to enhance web search interaction},
  author={White, Ryen W and Bilenko, Mikhail and Cucerzan, Silviu},
  booktitle={Proc. SIGIR 2007},
  pages={159--166},
  organization={ACM}
}

@inproceedings{settles2011closing,
  title={Closing the loop: Fast, interactive semi-supervised annotation with queries on features and instances},
  author={Settles, Burr},
  booktitle={Proc. EMNLP 2011},
  pages={1467--1478},
  organization={ACL}
}

@article{jain1999data,
  author = {Jain, A. K. and Murty, M. N. and Flynn, P. J.},
  title = {Data clustering: a review},
  journal = {ACM Comput. Surv.},
  year = {1999},
  volume = {31},
  pages = {3},
  timestamp = {2011.12.29}
}

@inproceedings{bernstein2010soylent,
  year={2010},
  title={Soylent: a word processor with a crowd inside},
  author={Bernstein, Michael S and Little, Greg and Miller, Robert C and Hartmann, Bj{\"o}rn and Ackerman, Mark S and Karger, David R and Crowell, David and Panovich, Katrina},
  booktitle={Proc. UIST 2010},
  pages={313--322},
  organization={ACM}
}

@inproceedings{chaney2012visualizing,
  title={Visualizing Topic Models.},
  author={Chaney, Allison June-Barlow and Blei, David M},
  booktitle={ICWSM},
  year={2012}
}

@inproceedings{chuang2012interpretation,
  year={2012},
  title={Interpretation and trust: Designing model-driven visualizations for text analysis},
  author={Chuang, Jason and Ramage, Daniel and Manning, Christopher and Heer, Jeffrey},
  booktitle={Proc. CHI 2012},
  pages={443--452},
  organization={ACM}
}

@article{jansen2009patterns,
  title={Patterns of Query Reformulation During Web Searching},
  author={Jansen, Bernard J and Booth, Danielle L and Spink, Amanda},
  journal={Journal of the American society for information science and technology},
  volume={60},
  number={7},
  pages={1358--1371},
  year={2009},
  publisher={Citeseer}
}

@inproceedings{kittur2011crowdforge,
  year={2011},
  title={Crowdforge: Crowdsourcing complex work},
  author={Kittur, Aniket and Smus, Boris and Khamkar, Susheel and Kraut, Robert E},
  booktitle={Proc UIST 2011},
  pages={43--52},
  organization={ACM}
}

@inproceedings{Kulesza:2014:SLF:2611247.2557238,
 year={2014},
 author = {Kulesza, Todd and Amershi, Saleema and Caruana, Rich and Fisher, Danyel and Charles, Denis},
 title = {Structured Labeling for Facilitating Concept Evolution in Machine Learning},
 booktitle = {Proc. CHI 2014},
 location = {Toronto, Ontario, Canada},
 pages = {3075--3084},
 keywords = {concept evolution, interactive machine learning},
} 

@inproceedings{fails2003interactive,
  title={Interactive machine learning},
  author={Fails, Jerry Alan and Olsen Jr, Dan R},
  booktitle={Proc. IUI 2003},
  year={2003},
  pages={39--45},
  organization={ACM}
}

@article{hu2014interactive,
  title={Interactive topic modeling},
  author={Hu, Yuening and Boyd-Graber, Jordan and Satinoff, Brianna and Smith, Alison},
  journal={Machine learning},
  volume={95},
  number={3},
  pages={423--469},
  year={2014},
  publisher={Springer}
}

@inproceedings{laput2015zensors,
  year={2015},
  title={Zensors: Adaptive, Rapidly Deployable, Human-Intelligent Sensor Feeds},
  author={Laput, Gierad and Lasecki, Walter S and Wiese, Jason and Xiao, Robert and Bigham, Jeffrey P and Harrison, Chris},
  booktitle={Proc. CHI 2015},
  pages={1935--1944},
  organization={ACM}
}

