@article{marcus1993building,
  title={Building a large annotated corpus of English: The Penn Treebank},
  author={Marcus, Mitchell P and Marcinkiewicz, Mary Ann and Santorini, Beatrice},
  journal={Computational linguistics},
  volume={19},
  number={2},
  pages={313--330},
  year={1993},
  publisher={MIT Press}
}
@inproceedings{Wang:2012:SLR:2145204.2145329,
 author = {Wang, Yi-Chia and Kraut, Robert and Levine, John M.},
 title = {To Stay or Leave?: The Relationship of Emotional and Informational Support to Commitment in Online Health Support Groups},
 booktitle = {Proceedings of the ACM 2012 Conference on Computer Supported Cooperative Work},
 series = {CSCW '12},
 year = {2012},
 isbn = {978-1-4503-1086-4},
 location = {Seattle, Washington, USA},
 pages = {833--842},
 numpages = {10},
 url = {http://doi.acm.org/10.1145/2145204.2145329},
 doi = {10.1145/2145204.2145329},
 acmid = {2145329},
 publisher = {ACM},
 address = {New York, NY, USA},
 keywords = {applied machine learning, commitment, natural language analysis, online communities, social support},
} 
@article{meier2007cancer,
  title={How cancer survivors provide support on cancer-relaed Internet mailing lists},
  author={Meier, Andrea and Lyons, Elizabeth J and Frydman, Gilles and Forlenza, Michael and Rimer, Barbara K},
  journal={J Med Internet Res},
  volume={9},
  number={2},
  pages={e12},
  year={2007}
}
@book{strauss1998basics,
  title={Basics of qualitative research: Techniques and procedures for developing grounded theory .},
  author={Strauss, Anselm and Corbin, Juliet},
  year={1998},
  publisher={Sage Publications, Inc}
}
@article{weston2001analyzing,
  title={Analyzing interview data: The development and evolution of a coding system},
  author={Weston, Cynthia and Gandell, Terry and Beauchamp, Jacinthe and McAlpine, Lynn and Wiseman, Carol and Beauchamp, Cathy},
  journal={Qualitative sociology},
  volume={24},
  number={3},
  pages={381--400},
  year={2001},
  publisher={Springer}
}
@article{macqueen1998codebook,
  title={Codebook development for team-based qualitative analysis},
  author={MacQueen, Kathleen M and McLellan, Eleanor and Kay, Kelly and Milstein, Bobby},
  journal={Cultural anthropology methods},
  volume={10},
  number={2},
  pages={31--36},
  year={1998}
}
@inproceedings{wiebe1999development,
  title={Development and use of a gold-standard data set for subjectivity classifications},
  author={Wiebe, Janyce M and Bruce, Rebecca F and O'Hara, Thomas P},
  booktitle={Proceedings of the 37th annual meeting of the Association for Computational Linguistics on Computational Linguistics},
  pages={246--253},
  year={1999},
  organization={Association for Computational Linguistics}
}
@inproceedings{krizhevsky2012imagenet,
  title={Imagenet classification with deep convolutional neural networks},
  author={Krizhevsky, Alex and Sutskever, Ilya and Hinton, Geoffrey E},
  booktitle={Advances in neural information processing systems},
  pages={1097--1105},
  year={2012}
}
@inproceedings{deng2009imagenet,
  title={Imagenet: A large-scale hierarchical image database},
  author={Deng, Jia and Dong, Wei and Socher, Richard and Li, Li-Jia and Li, Kai and Fei-Fei, Li},
  booktitle={Computer Vision and Pattern Recognition, 2009. CVPR 2009. IEEE Conference on},
  pages={248--255},
  year={2009},
  organization={IEEE}
}
@inproceedings{post2012constructing,
  title={Constructing parallel corpora for six indian languages via crowdsourcing},
  author={Post, Matt and Callison-Burch, Chris and Osborne, Miles},
  booktitle={Proceedings of the Seventh Workshop on Statistical Machine Translation},
  pages={401--409},
  year={2012},
  organization={Association for Computational Linguistics}
}
@article{knowlton1966definition,
  title={On the definition of ``picture''},
  author={Knowlton, James Q},
  journal={AV Communication Review},
  volume={14},
  number={2},
  pages={157--183},
  year={1966},
  publisher={Springer}
}
@inproceedings{alonso2013some,
  title={Are some tweets more interesting than others?\# hardquestion},
  author={Alonso, Omar and Marshall, Catherine C and Najork, Marc},
  booktitle={Proceedings of the Symposium on Human-Computer Interaction and Information Retrieval},
  pages={2},
  year={2013},
  organization={ACM}
}
@inproceedings{kulesza2014structured,
  title={Structured labeling for facilitating concept evolution in machine learning},
  author={Kulesza, Todd and Amershi, Saleema and Caruana, Rich and Fisher, Danyel and Charles, Denis},
  booktitle={Proceedings of the SIGCHI Conference on Human Factors in Computing Systems},
  pages={3075--3084},
  year={2014},
  organization={ACM}
}
@inproceedings{Chang:2012:LFT:2390665.2390698,
 author = {Chang, Joseph Z. and Chang, Jason S. and Jang, Jyh-Shing Roger},
 title = {Learning to Find Translations and Transliterations on the Web},
 booktitle = {Proceedings of the 50th Annual Meeting of the Association for Computational Linguistics},
 series = {ACL '12},
 year = {2012},
 location = {Jeju Island, Korea},
 pages = {130--134},
 numpages = {5},
 acmid = {2390698},
 publisher = {Association for Computational Linguistics}
} 
@inproceedings{callison2010creating,
  title={Creating speech and language data with Amazon's Mechanical Turk},
  author={Callison-Burch, Chris and Dredze, Mark},
  booktitle={Proceedings of the NAACL HLT 2010 Workshop on Creating Speech and Language Data with Amazon's Mechanical Turk},
  pages={1--12},
  year={2010},
  organization={Association for Computational Linguistics}
}
@inproceedings{kittur2013future,
  title={The future of crowd work},
  author={Kittur, Aniket and Nickerson, Jeffrey V and Bernstein, Michael and Gerber, Elizabeth and Shaw, Aaron and Zimmerman, John and Lease, Matt and Horton, John},
  booktitle={Proceedings of the 2013 conference on Computer supported cooperative work},
  pages={1301--1318},
  year={2013},
  organization={ACM}
}
@inproceedings{kairam2016parting,
  title={Parting Crowds: Characterizing Divergent Interpretations in Crowdsourced Annotation Tasks},
  author={Kairam, Sanjay and Heer, Jeffrey},
  booktitle={Proceedings of the 19th ACM Conference on Computer-Supported Cooperative Work \& Social Computing},
  pages={1637--1648},
  year={2016},
  organization={ACM}
}
@inproceedings{inel2014crowdtruth,
  title={Crowdtruth: Machine-human computation framework for harnessing disagreement in gathering annotated data},
  author={Inel, Oana and Khamkham, Khalid and Cristea, Tatiana and Dumitrache, Anca and Rutjes, Arne and van der Ploeg, Jelle and Romaszko, Lukasz and Aroyo, Lora and Sips, Robert-Jan},
  booktitle={International Semantic Web Conference},
  pages={486--504},
  year={2014},
  organization={Springer}
}
@inproceedings{plank2014linguistically,
  title={Linguistically debatable or just plain wrong?},
  author={Plank, Barbara and Hovy, Dirk and S{\o}gaard, Anders},
  booktitle={ACL (2)},
  pages={507--511},
  year={2014}
}
@inproceedings{Burton:2012:CSF:2384916.2384941,
 author = {Burton, Michele A. and Brady, Erin and Brewer, Robin and Neylan, Callie and Bigham, Jeffrey P. and Hurst, Amy},
 title = {Crowdsourcing Subjective Fashion Advice Using VizWiz: Challenges and Opportunities},
 booktitle = {Proceedings of the 14th International ACM SIGACCESS Conference on Computers and Accessibility},
 series = {ASSETS '12},
 year = {2012},
 isbn = {978-1-4503-1321-6},
 location = {Boulder, Colorado, USA},
 pages = {135--142},
 numpages = {8},
 url = {http://doi.acm.org/10.1145/2384916.2384941},
 doi = {10.1145/2384916.2384941},
 acmid = {2384941},
 publisher = {ACM},
 address = {New York, NY, USA},
 keywords = {blind users, crowdsourcing, fashion},
} 
@inproceedings{Bernstein:2011:CTS:2047196.2047201,
 author = {Bernstein, Michael S. and Brandt, Joel and Miller, Robert C. and Karger, David R.},
 title = {Crowds in Two Seconds: Enabling Realtime Crowd-powered Interfaces},
 booktitle = {Proceedings of the 24th Annual ACM Symposium on User Interface Software and Technology},
 series = {UIST '11},
 year = {2011},
 isbn = {978-1-4503-0716-1},
 location = {Santa Barbara, California, USA},
 pages = {33--42},
 numpages = {10},
 url = {http://doi.acm.org/10.1145/2047196.2047201},
 doi = {10.1145/2047196.2047201},
 acmid = {2047201},
 publisher = {ACM},
 address = {New York, NY, USA},
 keywords = {crowdsourcing, human computation},
} 
@inproceedings{kim2014ensemble,
  title={Ensemble: exploring complementary strengths of leaders and crowds in creative collaboration},
  author={Kim, Joy and Cheng, Justin and Bernstein, Michael S},
  booktitle={Proceedings of the 17th ACM conference on Computer supported cooperative work \& social computing},
  pages={745--755},
  year={2014},
  organization={ACM}
}
@inproceedings{dow2012shepherding,
  title={Shepherding the crowd yields better work},
  author={Dow, Steven and Kulkarni, Anand and Klemmer, Scott and Hartmann, Bj{\"o}rn},
  booktitle={Proceedings of the ACM 2012 conference on Computer Supported Cooperative Work},
  pages={1013--1022},
  year={2012},
  organization={ACM}
}
@inproceedings{chan2016improving,
  title={Improving crowd innovation with expert facilitation},
  author={Chan, Joel and Dang, Steven and Dow, Steven P},
  booktitle={Proceedings of the 19th ACM Conference on Computer-Supported Cooperative Work \& Social Computing},
  pages={1223--1235},
  year={2016},
  organization={ACM}
}
@inproceedings{lasecki2013chorus,
  title={Chorus: a crowd-powered conversational assistant},
  author={Lasecki, Walter S and Wesley, Rachel and Nichols, Jeffrey and Kulkarni, Anand and Allen, James F and Bigham, Jeffrey P},
  booktitle={Proceedings of the 26th annual ACM symposium on User interface software and technology},
  pages={151--162},
  year={2013},
  organization={ACM}
}
@inproceedings{Difallah:2013:PTM:2488388.2488421,
 author = {Difallah, Djellel Eddine and Demartini, Gianluca and Cudr{\'e}-Mauroux, Philippe},
 title = {Pick-a-crowd: Tell Me What You Like, and I'Ll Tell You What to Do},
 booktitle = {Proceedings of the 22Nd International Conference on World Wide Web},
 series = {WWW '13},
 year = {2013},
 isbn = {978-1-4503-2035-1},
 location = {Rio de Janeiro, Brazil},
 pages = {367--374},
 numpages = {8},
 url = {http://doi.acm.org/10.1145/2488388.2488421},
 doi = {10.1145/2488388.2488421},
 acmid = {2488421},
 publisher = {ACM},
 address = {New York, NY, USA},
 keywords = {crowdsourcing, expert profiling, social network},
} 
@inproceedings{doroudi2016toward,
  title={Toward a Learning Science for Complex Crowdsourcing Tasks},
  author={Doroudi, Shayan and Kamar, Ece and Brunskill, Emma and Horvitz, Eric},
  booktitle={Proceedings of the 2016 CHI Conference on Human Factors in Computing Systems},
  pages={2623--2634},
  year={2016},
  organization={ACM}
}
@inproceedings{mitra2015comparing,
  title={Comparing person-and process-centric strategies for obtaining quality data on amazon mechanical turk},
  author={Mitra, Tanushree and Hutto, Clayton J and Gilbert, Eric},
  booktitle={Proceedings of the 33rd Annual ACM Conference on Human Factors in Computing Systems},
  pages={1345--1354},
  year={2015},
  organization={ACM}
}
@article{rogstadius2011assessment,
  title={An assessment of intrinsic and extrinsic motivation on task performance in crowdsourcing markets.},
  author={Rogstadius, Jakob and Kostakos, Vassilis and Kittur, Aniket and Smus, Boris and Laredo, Jim and Vukovic, Maja},
  journal={ICWSM},
  volume={11},
  pages={17--21},
  year={2011}
}
@inproceedings{hansen2013quality,
  title={Quality control mechanisms for crowdsourcing: peer review, arbitration, \& expertise at familysearch indexing},
  author={Hansen, Derek L and Schone, Patrick J and Corey, Douglas and Reid, Matthew and Gehring, Jake},
  booktitle={Proceedings of the 2013 conference on Computer supported cooperative work},
  pages={649--660},
  year={2013},
  organization={ACM}
}

@inproceedings{alloy,
  title={Alloy: Clustering with Crowds and Computation},
  author={Chang, Joseph Chee and Kittur, Aniket and Hahn, Nathan},
  booktitle={Proceedings of the 2016 CHI Conference on Human Factors in Computing Systems},
  pages={3180--3191},
  year={2016},
  organization={ACM}
}

@inproceedings{cascade,
  title={Cascade: Crowdsourcing taxonomy creation},
  author={Chilton, Lydia B and Little, Greg and Edge, Darren and Weld, Daniel S and Landay, James A},
  booktitle={Proceedings of the SIGCHI Conference on Human Factors in Computing Systems},
  pages={1999--2008},
  year={2013},
  organization={ACM}
}

@inproceedings{crowdsynth,
  title={Crowd synthesis: Extracting categories and clusters from complex data},
  author={Andr{\'e}, Paul and Kittur, Aniket and Dow, Steven P},
  booktitle={Proceedings of the 17th ACM conference on Computer supported cooperative work \& social computing},
  pages={989--998},
  year={2014},
  organization={ACM}
}


@inproceedings{kulesza2010explanatory,
  title={Explanatory debugging: Supporting end-user debugging of machine-learned programs},
  author={Kulesza, Todd and Stumpf, Simone and Burnett, Margaret and Wong, Weng-Keen and Riche, Yann and Moore, Travis and Oberst, Ian and Shinsel, Amber and McIntosh, Kevin},
  booktitle={2010 IEEE Symposium on Visual Languages and Human-Centric Computing},
  pages={41--48},
  year={2010},
  organization={IEEE}
}

@incollection{taylor2003penn,
  title={The Penn treebank: an overview},
  author={Taylor, Ann and Marcus, Mitchell and Santorini, Beatrice},
  booktitle={Treebanks},
  pages={5--22},
  year={2003},
  publisher={Springer}
}
@inproceedings{Krishna:2016:EEE:2858036.2858115,
 author = {Krishna, Ranjay A. and Hata, Kenji and Chen, Stephanie and Kravitz, Joshua and Shamma, David A. and Fei-Fei, Li and Bernstein, Michael S.},
 title = {Embracing Error to Enable Rapid Crowdsourcing},
 booktitle = {Proceedings of the 2016 CHI Conference on Human Factors in Computing Systems},
 series = {CHI '16},
 year = {2016},
 isbn = {978-1-4503-3362-7},
 location = {Santa Clara, California, USA},
 pages = {3167--3179},
 numpages = {13},
 url = {http://doi.acm.org/10.1145/2858036.2858115},
 doi = {10.1145/2858036.2858115},
 acmid = {2858115},
 publisher = {ACM},
 address = {New York, NY, USA},
 keywords = {RSVP, crowdsourcing, human computation},
} 

@inproceedings{lasecki2014glance,
  title={Glance: Rapidly coding behavioral video with the crowd},
  author={Lasecki, Walter S and Gordon, Mitchell and Koutra, Danai and Jung, Malte F and Dow, Steven P and Bigham, Jeffrey P},
  booktitle={Proceedings of the 27th annual ACM symposium on User interface software and technology},
  pages={551--562},
  year={2014},
  organization={ACM}
}

@inproceedings{Demartini:2012:ZLP:2187836.2187900,
 author = {Demartini, Gianluca and Difallah, Djellel Eddine and Cudr{\'e}-Mauroux, Philippe},
 title = {ZenCrowd: Leveraging Probabilistic Reasoning and Crowdsourcing Techniques for Large-scale Entity Linking},
 booktitle = {Proceedings of the 21st International Conference on World Wide Web},
 series = {WWW '12},
 year = {2012},
 isbn = {978-1-4503-1229-5},
 location = {Lyon, France},
 pages = {469--478},
 numpages = {10},
 url = {http://doi.acm.org/10.1145/2187836.2187900},
 doi = {10.1145/2187836.2187900},
 acmid = {2187900},
 publisher = {ACM},
 address = {New York, NY, USA},
 keywords = {crowdsourcing, entity linking, linked data, probabilistic reasoning},
 }
 
@misc{bing,
  author = {Matt McGee},
  title = {Yes, Bing Has Human Search Quality Raters and Here's How They Judge Web Pages},
  year = 2012,
  url = {http://searchengineland.com/bing-search-quality-rating-guidelines-130592},
  urldate = {2016-09-17},
  journal={online}
}
 
@misc{google,
  author = {Google Inc.},
  title = {Google Search Quality Evaluator Guidelines.},
  year = 2016,
  url = {http://static.googleusercontent.com/media/google.com/en//insidesearch/howsearchworks/assets/searchqualityevaluatorguidelines.pdf},
  urldate = {2016-09-17},
  journal={online}
}


@inproceedings{Snow:2008:CFG:1613715.1613751,
 author = {Snow, Rion and O'Connor, Brendan and Jurafsky, Daniel and Ng, Andrew Y.},
 title = {Cheap and Fast---but is It Good?: Evaluating Non-expert Annotations for Natural Language Tasks},
 booktitle = {Proceedings of the Conference on Empirical Methods in Natural Language Processing},
 series = {EMNLP '08},
 year = {2008},
 location = {Honolulu, Hawaii},
 pages = {254--263},
 numpages = {10},
 url = {http://dl.acm.org/citation.cfm?id=1613715.1613751},
 acmid = {1613751},
 publisher = {Association for Computational Linguistics}
}

@article{Resnik:2003:WPC:964751.964753,
 author = {Resnik, Philip and Smith, Noah A.},
 title = {The Web As a Parallel Corpus},
 journal = {Comput. Linguist.},
 issue_date = {September 2003},
 volume = {29},
 number = {3},
 month = sep,
 year = {2003},
 issn = {0891-2017},
 pages = {349--380},
 numpages = {32},
 url = {http://dx.doi.org/10.1162/089120103322711578},
 doi = {10.1162/089120103322711578},
 acmid = {964753},
 publisher = {MIT Press},
 address = {Cambridge, MA, USA},
} 
@article{miller1995wordnet,
  title={WordNet: a lexical database for English},
  author={Miller, George A},
  journal={Communications of the ACM},
  volume={38},
  number={11},
  pages={39--41},
  year={1995},
  publisher={ACM}
}
@article{drapeau2016microtalk,
  title={MicroTalk: Using Argumentation to Improve Crowdsourcing Accuracy},
  author={Drapeau, Ryan and Chilton, Lydia B and Bragg, Jonathan and Weld, Daniel S},
  year={2016},
  journal={AAAI HCOMP}
}
@inproceedings{bigham2010vizwiz,
  title={VizWiz: nearly real-time answers to visual questions},
  author={Bigham, Jeffrey P and Jayant, Chandrika and Ji, Hanjie and Little, Greg and Miller, Andrew and Miller, Robert C and Miller, Robin and Tatarowicz, Aubrey and White, Brandyn and White, Samual and others},
  booktitle={Proceedings of the 23nd annual ACM symposium on User interface software and technology},
  pages={333--342},
  year={2010},
  organization={ACM}
}

@misc{Newsgroups20,
  author={Lang, Ken},
  title = { The 20 Newsgroups Dataset},
  year = {1995},
  url = {http://people.csail.mit.edu/jrennie/20Newsgroups/}
}

@article{bachrach2012grade,
  title={How to grade a test without knowing the answers---A Bayesian graphical model for adaptive crowdsourcing and aptitude testing},
  author={Bachrach, Yoram and Graepel, Thore and Minka, Tom and Guiver, John},
  journal={The proceedings of the International Conference on Machine
Learning},
  year={2012}
}
@inproceedings{mao12:turkserver,
  title = {TurkServer: Enabling Synchronous and Longitudinal Online Experiments},
  author = {Mao, A. and Chen, Y. and Gajos, K.Z. and Parkes, D.C. and Procaccia, A.D. and Zhang, H.},
  booktitle = {Proceedings of HCOMP'12},
  year = {2012},
}

@inproceedings{mcinnis2016taking,
  title={Taking a HIT: Designing around Rejection, Mistrust, Risk, and Workers’ Experiences in Amazon Mechanical Turk},
  author={McInnis, Brian and Cosley, Dan and Nam, Chaebong and Leshed, Gilly},
  booktitle={Proceedings of the 2016 CHI Conference on Human Factors in Computing Systems},
  pages={2271--2282},
  year={2016},
  organization={ACM}
}

@inproceedings{kamar2012combining,
  title={Combining human and machine intelligence in large-scale crowdsourcing},
  author={Kamar, Ece and Hacker, Severin and Horvitz, Eric},
  booktitle={Proceedings of the 11th International Conference on Autonomous Agents and Multiagent Systems-Volume 1},
  pages={467--474},
  year={2012},
  organization={International Foundation for Autonomous Agents and Multiagent Systems}
}

@inproceedings{Tran-Thanh:2014:BBL:2615731.2615809,
 author = {Tran-Thanh, Long and Huynh, Trung Dong and Rosenfeld, Avi and Ramchurn, Sarvapali D. and Jennings, Nicholas R.},
 title = {BudgetFix: Budget Limited Crowdsourcing for Interdependent Task Allocation with Quality Guarantees},
 booktitle = {Proceedings of the 2014 International Conference on Autonomous Agents and Multi-agent Systems},
 series = {AAMAS '14},
 year = {2014},
 isbn = {978-1-4503-2738-1},
 location = {Paris, France},
 pages = {477--484},
 numpages = {8},
 url = {http://dl.acm.org/citation.cfm?id=2615731.2615809},
 acmid = {2615809},
 publisher = {International Foundation for Autonomous Agents and Multiagent Systems},
 address = {Richland, SC},
 keywords = {budgeted task allocation, crowdsourcing, find-fix-verify, performance guarantees},
} 

@inproceedings{agichtein2006improving,
  title={Improving web search ranking by incorporating user behavior information},
  author={Agichtein, Eugene and Brill, Eric and Dumais, Susan},
  booktitle={Proceedings of the 29th annual international ACM SIGIR conference on Research and development in information retrieval},
  pages={19--26},
  year={2006},
  organization={ACM}
}

