@misc{acrobat,
  key = "acrobat",
  title = {{Adobe Acrobat Reader 7}},
   note = {\url{http://www.adobe.com/products/acrobat/}}
}

@article{ethics,
  title = {{Social Impacts of Computing: Codes of Professional Ethics}},
  author = {Ronald E. Anderson},
  doi = "10.1177/089443939201000402",
  journal = "Social Science Computer Review December",
  year = 1992,
  volume = 10,
  number = 4,
  pages = "453-469"
}

@misc{acm_categories,
  key = "association",
  title = {{How to Classify Works Using ACM's Computing Classification System}},
  note = {\url{http://www.acm.org/class/how_to_use.html}},
},

@inproceedings{Klemmer:2002:WSC:503376.503378,
 author = {Klemmer, Scott R. and Thomsen, Michael and Phelps-Goodman, Ethan and Lee, Robert and Landay, James A.},
 title = {Where do web sites come from?: capturing and interacting with design history},
 booktitle = {Proc. CHI 2002},
 year = {2002},
 pages = {1--8},
 publisher = {ACM Press},
} 

@inproceedings{Mather:2000:MUT,
  title = {Making up titles for conference papers},
  author = {Mather, B. D.},
  booktitle = {Ext. Abstracts CHI 2000},
  year = 2000,
  publisher = "ACM Press",
  pages = "1-2",
}

@book{Schwartz:1995:GBF,
  title = {{Guidelines for Bias-Free Writing}},
  author = {Schwartz, Marilyn},
  publisher = {Indiana University Press},
  location = {Bloomington, IN, USA},
  year = 1995,
}

@inproceedings{Zellweger:2001:FAO:504216.504224,
 author = {Zellweger, Polle T. and Bouvin, Niels Olof and Jeh{\o}j, Henning and Mackinlay, Jock D.},
 title = {Fluid annotations in an open world},
 booktitle = {Proc. Hypertext 2001},
 year = {2001},
 pages = {9--18},
 publisher = {ACM Press},
} 

@misc{sinha2005cognitive,
  title={A cognitive analysis of tagging},
  author={Sinha, Rashmi},
  year={2005},
  journal={online}
}

@inproceedings{schwarz2015architecture,
  title={An architecture for generating interactive feedback in probabilistic user interfaces},
  author={Schwarz, Julia and Mankoff, Jennifer and Hudson, Scott E},
  booktitle={Proceedings of the 33rd Annual ACM Conference on Human Factors in Computing Systems},
  pages={2545--2554},
  year={2015},
  organization={ACM}
}

@inproceedings{chen2014bezelcopy,
  title={BezelCopy: an efficient cross-application copy-paste technique for touchscreen smartphones},
  author={Chen, Chen and Perrault, Simon T and Zhao, Shengdong and Ooi, Wei Tsang},
  booktitle={Proceedings of the 2014 International Working Conference on Advanced Visual Interfaces},
  pages={185--192},
  year={2014},
  organization={ACM}
}

@inproceedings{roth2009bezel,
  title={Bezel swipe: conflict-free scrolling and multiple selection on mobile touch screen devices},
  author={Roth, Volker and Turner, Thea},
  booktitle={Proceedings of the SIGCHI Conference on Human Factors in Computing Systems},
  pages={1523--1526},
  year={2009},
  organization={ACM}
}

@inproceedings{han2015push,
  title={Push-Push: A Drag-like Operation Overlapped with a Page Transition Operation on Touch Interfaces},
  author={Han, Jaehyun and Lee, Geehyuk},
  booktitle={Proceedings of the 28th Annual ACM Symposium on User Interface Software \& Technology},
  pages={313--322},
  year={2015},
  organization={ACM}
}

@article{teevan2006personal,
  title={Personal information management},
  author={Teevan, Jaime and Jones, William and Bederson, Benjamin B},
  journal={Communications of the ACM},
  volume={49},
  number={1},
  pages={40--43},
  year={2006},
  publisher={Association for Computing Machinery, ACM}
}
@article{hart1988development,
  title={Development of NASA-TLX (Task Load Index): Results of empirical and theoretical research},
  author={Hart, Sandra G and Staveland, Lowell E},
  journal={Advances in psychology},
  volume={52},
  pages={139--183},
  year={1988},
  publisher={Elsevier}
}
@inproceedings{Lee:2014:DIT:2686612.2686702,
 author = {Lee, Seunghwan and Lee, Geehyuk},
 title = {Design of Interaction Techniques for Clickable Touch Screens},
 booktitle = {Proceedings of the 26th Australian Computer-Human Interaction Conference on Designing Futures: The Future of Design},
 series = {OzCHI '14},
 year = {2014},
 isbn = {978-1-4503-0653-9},
 location = {Sydney, New South Wales, Australia},
 pages = {568--577},
 numpages = {10},
 url = {http://doi.acm.org/10.1145/2686612.2686702},
 doi = {10.1145/2686612.2686702},
 acmid = {2686702},
 publisher = {ACM},
 address = {New York, NY, USA},
 keywords = {clickable touch screen, design space, interaction techniques, touch interface},
} 
@inproceedings{Capra:2010:TLM:1753326.1753468,
 author = {Capra, Robert and Marchionini, Gary and Velasco-Martin, Javier and Muller, Katrina},
 title = {Tools-at-hand and Learning in Multi-session, Collaborative Search},
 booktitle = {Proceedings of the SIGCHI Conference on Human Factors in Computing Systems},
 series = {CHI '10},
 year = {2010},
 isbn = {978-1-60558-929-9},
 location = {Atlanta, Georgia, USA},
 pages = {951--960},
 numpages = {10},
 url = {http://doi.acm.org/10.1145/1753326.1753468},
 doi = {10.1145/1753326.1753468},
 acmid = {1753468},
 publisher = {ACM},
 address = {New York, NY, USA},
 keywords = {collaborative search, exploratory search, information seeking, personal information management},
} 

@inproceedings{zhao2012autocompaste,
  title={AutoComPaste: auto-completing text as an alternative to copy-paste},
  author={Zhao, Shengdong and Chevalier, Fanny and Ooi, Wei Tsang and Lee, Chee Yuan and Agarwal, Arpit},
  booktitle={Proceedings of the International Working Conference on Advanced Visual Interfaces},
  pages={365--372},
  year={2012},
  organization={ACM}
}

@inproceedings{chapuis2007copy,
  title={Copy-and-paste between overlapping windows},
  author={Chapuis, Olivier and Roussel, Nicolas},
  booktitle={Proceedings of the SIGCHI Conference on Human Factors in Computing Systems},
  pages={201--210},
  year={2007},
  organization={ACM}
}

@inproceedings{faure2009power,
  title={Power tools for copying and moving: useful stuff for your desktop},
  author={Faure, Guillaume and Chapuis, Olivier and Roussel, Nicolas},
  booktitle={Proceedings of the SIGCHI Conference on Human Factors in Computing Systems},
  pages={1675--1678},
  year={2009},
  organization={ACM}
}

@inproceedings{bier2006entity,
  title={Entity quick click: rapid text copying based on automatic entity extraction},
  author={Bier, Eric A and Ishak, Edward W and Chi, Ed},
  booktitle={CHI'06 Extended Abstracts on Human Factors in Computing Systems},
  pages={562--567},
  year={2006},
  organization={ACM}
}

@article{ives2009interactive,
  title={Interactive data integration through smart copy \& paste},
  author={Ives, Zachary and Knoblock, Craig and Minton, Steve and Jacob, Marie and Talukdar, Partha and Tuchinda, Rattapoom and Ambite, Jose Luis and Muslea, Maria and Gazen, Cenk},
  journal={arXiv preprint arXiv:0909.1769},
  year={2009}
}

@inproceedings{stylos2004citrine,
  title={Citrine: providing intelligent copy-and-paste},
  author={Stylos, Jeffrey and Myers, Brad A and Faulring, Andrew},
  booktitle={Proceedings of the 17th annual ACM symposium on User interface software and technology},
  pages={185--188},
  year={2004},
  organization={ACM}
}

@article{peterson1991cognitive,
  title={The cognitive functions of underlining as a study technique},
  author={Peterson, Sarah E},
  journal={Literacy Research and Instruction},
  volume={31},
  number={2},
  pages={49--56},
  year={1991},
  publisher={Taylor \& Francis}
}


@inproceedings{hinckley2012informal,
  title={Informal information gathering techniques for active reading},
  author={Hinckley, Ken and Bi, Xiaojun and Pahud, Michel and Buxton, Bill},
  booktitle={Proceedings of the SIGCHI Conference on Human Factors in Computing Systems},
  pages={1893--1896},
  year={2012},
  organization={ACM}
}

@inproceedings{pohl2013focused,
  title={Focused and casual interactions: allowing users to vary their level of engagement},
  author={Pohl, Henning and Murray-Smith, Roderick},
  booktitle={Proceedings of the SIGCHI Conference on Human Factors in Computing Systems},
  pages={2223--2232},
  year={2013},
  organization={ACM}
}

@inproceedings{marshall2005saving,
  title={Saving and using encountered information: implications for electronic periodicals},
  author={Marshall, Catherine C and Bly, Sara},
  booktitle={Proceedings of the Sigchi conference on human factors in computing systems},
  pages={111--120},
  year={2005},
  organization={ACM}
}
@inproceedings{tashman2011active,
  title={Active reading and its discontents: the situations, problems and ideas of readers},
  author={Tashman, Craig S and Edwards, W Keith},
  booktitle={Proceedings of the SIGCHI Conference on Human Factors in Computing Systems},
  pages={2927--2936},
  year={2011},
  organization={ACM}
}

@inproceedings{tashman2011liquidtext,
  title={LiquidText: a flexible, multitouch environment to support active reading},
  author={Tashman, Craig S and Edwards, W Keith},
  booktitle={Proceedings of the SIGCHI Conference on Human Factors in Computing Systems},
  pages={3285--3294},
  year={2011},
  organization={ACM}
}
@inproceedings{o1997comparison,
  title={A comparison of reading paper and on-line documents},
  author={O'hara, Kenton and Sellen, Abigail},
  booktitle={Proceedings of the ACM SIGCHI Conference on Human factors in computing systems},
  pages={335--342},
  year={1997},
  organization={ACM}
}
@inproceedings{adler1998diary,
  title={A diary study of work-related reading: design implications for digital reading devices},
  author={Adler, Annette and Gujar, Anuj and Harrison, Beverly L and O'Hara, Kenton and Sellen, Abigail},
  booktitle={Proceedings of the SIGCHI conference on Human factors in computing systems},
  pages={241--248},
  year={1998},
  organization={ACM Press/Addison-Wesley Publishing Co.}
}
@inproceedings{morris2007reading,
  title={Reading revisited: Evaluating the usability of digital display surfaces for active reading tasks},
  author={Morris, Meredith Ringel and Brush, AJ Bernheim and Meyers, Brian R},
  booktitle={Horizontal Interactive Human-Computer Systems, 2007. TABLETOP'07. Second Annual IEEE International Workshop on},
  pages={79--86},
  year={2007},
  organization={IEEE}
}
@article{kirsh1995intelligent,
  title={The intelligent use of space},
  author={Kirsh, David},
  journal={Artificial intelligence},
  volume={73},
  number={1},
  pages={31--68},
  year={1995},
  publisher={Elsevier}
}
@article{liao2008papiercraft,
  title={Papiercraft: A gesture-based command system for interactive paper},
  author={Liao, Chunyuan and Guimbreti{\`e}re, Fran{\c{c}}ois and Hinckley, Ken and Hollan, Jim},
  journal={ACM Transactions on Computer-Human Interaction (TOCHI)},
  volume={14},
  number={4},
  pages={18},
  year={2008},
  publisher={ACM}
}
@inproceedings{schilit1998beyond,
  title={Beyond paper: supporting active reading with free form digital ink annotations},
  author={Schilit, Bill N and Golovchinsky, Gene and Price, Morgan N},
  booktitle={Proceedings of the SIGCHI conference on Human factors in computing systems},
  pages={249--256},
  year={1998},
  organization={ACM Press/Addison-Wesley Publishing Co.}
}
@article{marchionini2006exploratory,
  title={Exploratory search: from finding to understanding},
  author={Marchionini, Gary},
  journal={Communications of the ACM},
  volume={49},
  number={4},
  pages={41--46},
  year={2006},
  publisher={ACM}
}
@article{lank2005sloppy,
  title={Sloppy selection: Providing an accurate interpretation of imprecise selection gestures},
  author={Lank, Edward and Saund, Eric},
  journal={Computers \& Graphics},
  volume={29},
  number={4},
  pages={490--500},
  year={2005},
  publisher={Elsevier}
}