@inproceedings{carbonell1998use,
  title={The use of MMR, diversity-based reranking for reordering documents and producing summaries},
  author={Carbonell, Jaime and Goldstein, Jade},
  booktitle={Proceedings of the 21st annual international ACM SIGIR conference on Research and development in information retrieval},
  pages={335--336},
  year={1998},
  organization={ACM}
}

@inproceedings{parameswaran2013datasift,
  title={Datasift: An expressive and accurate crowd-powered search toolkit},
  author={Parameswaran, Aditya and Teh, Ming Han and Garcia-Molina, Hector and Widom, Jennifer},
  booktitle={First AAAI Conference on Human Computation and Crowdsourcing},
  year={2013}
}

@inproceedings{law2011towards,
  title={Towards Large-Scale Collaborative Planning: Answering High-Level Search Queries Using Human Computation.},
  author={Law, Edith and Zhang, Haoqi},
  booktitle={AAAI},
  year={2011}
}

@inproceedings{zhang2012human,
  title={Human computation tasks with global constraints},
  author={Zhang, Haoqi and Law, Edith and Miller, Rob and Gajos, Krzysztof and Parkes, David and Horvitz, Eric},
  booktitle={Proceedings of the SIGCHI Conference on Human Factors in Computing Systems},
  pages={217--226},
  year={2012},
  organization={ACM}
}

@article{weick1964reduction,
  title={Reduction of cognitive dissonance through task enhancement and effort expenditure.},
  author={Weick, Karl E},
  journal={The Journal of Abnormal and Social Psychology},
  volume={68},
  number={5},
  pages={533},
  year={1964},
  publisher={American Psychological Association}
}

@article{chandler2013breaking,
  title={Breaking monotony with meaning: Motivation in crowdsourcing markets},
  author={Chandler, Dana and Kapelner, Adam},
  journal={Journal of Economic Behavior \& Organization},
  volume={90},
  pages={123--133},
  year={2013},
  publisher={Elsevier}
}


@techreport{clarke2009overview,
  title={Overview of the trec 2009 web track},
  author={Clarke, Charles L and Craswell, Nick and Soboroff, Ian},
  year={2009},
  institution={DTIC Document}
}


@techreport{Spink:1998:MUS:865316,
 author = {Spink, Amanda},
 title = {Modeling Users'' Successive Searches in Digital Environments:A National Science Foundation/British Library Funded Study},
 year = {1998},
 source = {http://www.ncstrl.org:8900/ncstrl/servlet/search?formname=detail\&id=oai%3Ancstrlh%3Acnri_dlib%3Acnri.dlib%2F%2Fapril98-spink},
 publisher = {Corporation for National Research Initiatives},
} 

@article{swanson1977information,
  title={Information retrieval as a trial-and-error process},
  author={Swanson, Don R},
  journal={The Library Quarterly},
  pages={128--148},
  year={1977},
  publisher={JSTOR}
}


@article{Gayo-Avello:2009:SSD:1523512.1523556,
 author = {Gayo-Avello, Daniel},
 title = {A Survey on Session Detection Methods in Query Logs and a Proposal for Future Evaluation},
 journal = {Inf. Sci.},
 issue_date = {May, 2009},
 volume = {179},
 number = {12},
 month = may,
 year = {2009},
 issn = {0020-0255},
 pages = {1822--1843},
 numpages = {22},
 url = {http://dx.doi.org/10.1016/j.ins.2009.01.026},
 doi = {10.1016/j.ins.2009.01.026},
 acmid = {1523556},
 publisher = {Elsevier Science Inc.},
 address = {New York, NY, USA},
 keywords = {Query log, Search engine, Session detection, Topical session, Web searching},
} 






@inproceedings{kittur2014standing,
  title={Standing on the schemas of giants: socially augmented information foraging},
  author={Kittur, Aniket and Peters, Andrew M and Diriye, Abdigani and Bove, Michael},
  booktitle={Proceedings of the 17th ACM conference on Computer supported cooperative work \& social computing},
  pages={999--1010},
  year={2014},
  organization={ACM}
}

@misc{Etherpad,
  title = {Etherpad Lite},
  author={Etherpad},
  year = {2015},
  publisher = {GitHub},
  journal = {GitHub repository},
  howpublished = {\url{https://github.com/ether/etherpad-lite}},
  commit = {fe7ab21c84557834b3e68dc93e2316879bcb59a6}
}

@inproceedings{yu2011cooks,
  title={Cooks or cobblers?: crowd creativity through combination},
  author={Yu, Lixiu and Nickerson, Jeffrey V},
  booktitle={Proceedings of the SIGCHI conference on human factors in computing systems},
  pages={1393--1402},
  year={2011},
  organization={ACM}
}

@misc{turkee,
  author={Jones, Jim},
  title = {Turkee Ruby Gem},
  year = {2013},
  publisher = {GitHub},
  journal = {GitHub repository},
  howpublished = {\url{https://github.com/aantix/turkee}},
  commit = {02256566312a5a524b748bb34a353e8b2d6b3929}
}

@misc{jqueryui,
  title = {jQuery UI},
  year = {2015},
  publisher = {GitHub},
  journal = {GitHub repository},
  howpublished = {\url{https://github.com/jquery/jquery-ui}},
}

@misc{rubytfidf,
  author={McKinney, James},
  title = {TfIdfSimilarity Ruby Gem},
  year = {2015},
  publisher = {GitHub},
  journal = {GitHub repository},
  howpublished = {\url{https://github.com/jpmckinney/tf-idf-similarity}},
}


@inproceedings{kittur2008harnessing,
  title={Harnessing the wisdom of crowds in wikipedia: quality through coordination},
  author={Kittur, Aniket and Kraut, Robert E},
  booktitle={Proceedings of the 2008 ACM conference on Computer supported cooperative work},
  pages={37--46},
  year={2008},
  organization={ACM}
}

@inproceedings{kittur2007he,
  title={He says, she says: conflict and coordination in Wikipedia},
  author={Kittur, Aniket and Suh, Bongwon and Pendleton, Bryan A and Chi, Ed H},
  booktitle={Proceedings of the SIGCHI conference on Human factors in computing systems},
  pages={453--462},
  year={2007},
  organization={ACM}
}

@inproceedings{Kamar:2012:CHM:2343576.2343643,
 author = {Kamar, Ece and Hacker, Severin and Horvitz, Eric},
 title = {Combining Human and Machine Intelligence in Large-scale Crowdsourcing},
 booktitle = {Proceedings of the 11th International Conference on Autonomous Agents and Multiagent Systems - Volume 1},
 series = {AAMAS '12},
 year = {2012},
 isbn = {0-9817381-1-7, 978-0-9817381-1-6},
 location = {Valencia, Spain},
 pages = {467--474},
 numpages = {8},
 url = {http://dl.acm.org/citation.cfm?id=2343576.2343643},
 acmid = {2343643},
 publisher = {International Foundation for Autonomous Agents and Multiagent Systems},
 address = {Richland, SC},
 keywords = {complementary computing, consensus tasks, crowdsourcing, decision-theoretic reasoning},
} 

@article{benkler2002coase,
  title={Coase's Penguin, or, Linux and" The Nature of the Firm"},
  author={Benkler, Yochai},
  journal={Yale Law Journal},
  pages={369--446},
  year={2002},
  publisher={JSTOR}
}


@inproceedings{suh2009singularity,
  title={The singularity is not near: slowing growth of Wikipedia},
  author={Suh, Bongwon and Convertino, Gregorio and Chi, Ed H and Pirolli, Peter},
  booktitle={Proceedings of the 5th International Symposium on Wikis and Open Collaboration},
  pages={8},
  year={2009},
  organization={ACM}
}

@inproceedings{teevan2014selfsourcing,
  title={Selfsourcing personal tasks},
  author={Teevan, Jaime and Liebling, Daniel J and Lasecki, Walter S},
  booktitle={CHI'14 Extended Abstracts on Human Factors in Computing Systems},
  pages={2527--2532},
  year={2014},
  organization={ACM}
}


@inproceedings{ross2010crowdworkers,
  title={Who are the crowdworkers?: shifting demographics in mechanical turk},
  author={Ross, Joel and Irani, Lilly and Silberman, M and Zaldivar, Andrew and Tomlinson, Bill},
  booktitle={CHI'10 Extended Abstracts on Human Factors in Computing Systems},
  pages={2863--2872},
  year={2010},
  organization={ACM}
}

@inproceedings{bernstein2012direct,
  title={Direct answers for search queries in the long tail},
  author={Bernstein, Michael S and Teevan, Jaime and Dumais, Susan and Liebling, Daniel and Horvitz, Eric},
  booktitle={Proceedings of the SIGCHI conference on human factors in computing systems},
  pages={237--246},
  year={2012},
  organization={ACM}
}

@inproceedings{fogg2001makes,
  title={What makes Web sites credible?: a report on a large quantitative study},
  author={Fogg, BJ and Marshall, Jonathan and Laraki, Othman and Osipovich, Alex and Varma, Chris and Fang, Nicholas and Paul, Jyoti and Rangnekar, Akshay and Shon, John and Swani, Preeti and others},
  booktitle={Proceedings of the SIGCHI conference on Human factors in computing systems},
  pages={61--68},
  year={2001},
  organization={ACM}
}

@article{chen2010knowledge,
  title={Knowledge market design: A field experiment at Google Answers},
  author={Chen, Yan and HO, TECK-HUA and KIM, YONG-MI},
  journal={Journal of Public Economic Theory},
  volume={12},
  number={4},
  pages={641--664},
  year={2010},
  publisher={Wiley Online Library}
}

@article{vul2008measuring,
  title={Measuring the crowd within probabilistic representations within individuals},
  author={Vul, Edward and Pashler, Harold},
  journal={Psychological Science},
  volume={19},
  number={7},
  pages={645--647},
  year={2008},
  publisher={SAGE Publications}
}

@inproceedings{lasecki2013warping,
  title={Warping time for more effective real-time crowdsourcing},
  author={Lasecki, Walter S and Miller, Christopher D and Bigham, Jeffrey P},
  booktitle={Proceedings of the SIGCHI Conference on Human Factors in Computing Systems},
  pages={2033--2036},
  year={2013},
  organization={ACM}
}


@article{howe2006rise,
  title={The rise of crowdsourcing},
  author={Howe, Jeff},
  journal={Wired magazine},
  volume={14},
  number={6},
  pages={1--4},
  year={2006}
}

@misc{wikiNPOV,
  title = {{Wikipedia} Neutral Point of View Policy},
  year = {2015},
  note = {\url{https://en.wikipedia.org/wiki/Wikipedia:Neutral_point_of_view}}
}

@misc{pewReport,
  note = {\url{http://www.pewinternet.org/2009/01/28/generational-differences-in-online-activities/}},
  title = {Generational differences in online activities},
  month = {July},
  day = 25,
  year = 2015,
  howpublished = {Report},
  author={Pew Research Center}
}

@inproceedings{zhu2012organizing,
  title={Organizing without formal organization: group identification, goal setting and social modeling in directing online production},
  author={Zhu, Haiyi and Kraut, Robert and Kittur, Aniket},
  booktitle={Proceedings of the ACM 2012 conference on Computer Supported Cooperative Work},
  pages={935--944},
  year={2012},
  organization={ACM}
}

@inproceedings{Luther:2013:RLO:2441776.2441891,
 author = {Luther, Kurt and Fiesler, Casey and Bruckman, Amy},
 title = {Redistributing Leadership in Online Creative Collaboration},
 booktitle = {Proceedings of the 2013 Conference on Computer Supported Cooperative Work},
 series = {CSCW '13},
 year = {2013},
 isbn = {978-1-4503-1331-5},
 location = {San Antonio, Texas, USA},
 pages = {1007--1022},
 numpages = {16},
 url = {http://doi.acm.org/10.1145/2441776.2441891},
 doi = {10.1145/2441776.2441891},
 acmid = {2441891},
 publisher = {ACM},
 address = {New York, NY, USA},
 keywords = {creativity support tools, distributed cognition, distributed leadership, online creative collaboration, social computing},
} 


@inproceedings{zhu2012effectiveness,
  title={Effectiveness of shared leadership in online communities},
  author={Zhu, Haiyi and Kraut, Robert and Kittur, Aniket},
  booktitle={Proceedings of the ACM 2012 conference on Computer Supported Cooperative Work},
  pages={407--416},
  year={2012},
  organization={ACM}
}

@inproceedings{fisher2012distributed,
  title={Distributed sensemaking: improving sensemaking by leveraging the efforts of previous users},
  author={Fisher, Kristie and Counts, Scott and Kittur, Aniket},
  booktitle={Proceedings of the SIGCHI Conference on Human Factors in Computing Systems},
  pages={247--256},
  year={2012},
  organization={ACM}
}

@inproceedings{Russell:1993:CSS:169059.169209,
 author = {Russell, Daniel M. and Stefik, Mark J. and Pirolli, Peter and Card, Stuart K.},
 title = {The Cost Structure of Sensemaking},
 booktitle = {Proceedings of the INTERACT '93 and CHI '93 Conference on Human Factors in Computing Systems},
 series = {CHI '93},
 year = {1993},
 isbn = {0-89791-575-5},
 location = {Amsterdam, The Netherlands},
 pages = {269--276},
 numpages = {8},
 url = {http://doi.acm.org/10.1145/169059.169209},
 doi = {10.1145/169059.169209},
 acmid = {169209},
 publisher = {ACM},
 address = {New York, NY, USA},
 keywords = {cost structure, information access, learning loop, representation search, representation shift, sensemaking},
} 

@inproceedings{pirolli2005sensemaking,
  title={The sensemaking process and leverage points for analyst technology as identified through cognitive task analysis},
  author={Pirolli, Peter and Card, Stuart},
  booktitle={Proceedings of international conference on intelligence analysis},
  volume={5},
  pages={2--4},
  year={2005}
}

@article{Malone:1994:ISC:174666.174668,
 author = {Malone, Thomas W. and Crowston, Kevin},
 title = {The Interdisciplinary Study of Coordination},
 journal = {ACM Comput. Surv.},
 issue_date = {March 1994},
 volume = {26},
 number = {1},
 month = mar,
 year = {1994},
 issn = {0360-0300},
 pages = {87--119},
 numpages = {33},
 url = {http://doi.acm.org/10.1145/174666.174668},
 doi = {10.1145/174666.174668},
 acmid = {174668},
 publisher = {ACM},
 address = {New York, NY, USA},
 keywords = {computer-supported cooperative work, coordination, coordination science, coordination theory, groupware},
} 

@article{Marchionini:2006:ESF:1121949.1121979,
 author = {Marchionini, Gary},
 title = {Exploratory Search: From Finding to Understanding},
 journal = {Commun. ACM},
 issue_date = {April 2006},
 volume = {49},
 number = {4},
 month = apr,
 year = {2006},
 issn = {0001-0782},
 pages = {41--46},
 numpages = {6},
 url = {http://doi.acm.org/10.1145/1121949.1121979},
 doi = {10.1145/1121949.1121979},
 acmid = {1121979},
 publisher = {ACM},
 address = {New York, NY, USA},
} 


@inproceedings{little2010turkit,
  title={Turkit: human computation algorithms on mechanical turk},
  author={Little, Greg and Chilton, Lydia B and Goldman, Max and Miller, Robert C},
  booktitle={Proceedings of the 23nd annual ACM symposium on User interface software and technology},
  pages={57--66},
  year={2010},
  organization={ACM}
}

@inproceedings{lasecki2012real,
  title={Real-time captioning by groups of non-experts},
  author={Lasecki, Walter and Miller, Christopher and Sadilek, Adam and Abumoussa, Andrew and Borrello, Donato and Kushalnagar, Raja and Bigham, Jeffrey},
  booktitle={Proceedings of the 25th annual ACM symposium on User interface software and technology},
  pages={23--34},
  year={2012},
  organization={ACM}
}

@article{laseckiapparition,
  title={Apparition: Crowdsourced User Interfaces That Come To Life As You Sketch Them},
  author={Lasecki, Walter S and Kim, Juho and Rafter, Nicholas and Sen, Onkur and Bigham, Jeffrey P and Bernstein, Michael S}
}

@inproceedings{retelny2014expert,
  title={Expert crowdsourcing with flash teams},
  author={Retelny, Daniela and Robaszkiewicz, S{\'e}bastien and To, Alexandra and Lasecki, Walter S and Patel, Jay and Rahmati, Negar and Doshi, Tulsee and Valentine, Melissa and Bernstein, Michael S},
  booktitle={Proceedings of the 27th annual ACM symposium on User interface software and technology},
  pages={75--85},
  year={2014},
  organization={ACM}
}

@inproceedings{von2004labeling,
  title={Labeling images with a computer game},
  author={Von Ahn, Luis and Dabbish, Laura},
  booktitle={Proceedings of the SIGCHI conference on Human factors in computing systems},
  pages={319--326},
  year={2004},
  organization={ACM}
}

@inproceedings{kulkarni2012collaboratively,
  title={Collaboratively crowdsourcing workflows with turkomatic},
  author={Kulkarni, Anand and Can, Matthew and Hartmann, Bj{\"o}rn},
  booktitle={Proceedings of the ACM 2012 conference on Computer Supported Cooperative Work},
  pages={1003--1012},
  year={2012},
  organization={ACM}
}

@inproceedings{kulkarni2011turkomatic,
  title={Turkomatic: automatic recursive task and workflow design for mechanical turk},
  author={Kulkarni, Anand P and Can, Matthew and Hartmann, Bjoern},
  booktitle={CHI'11 Extended Abstracts on Human Factors in Computing Systems},
  pages={2053--2058},
  year={2011},
  organization={ACM}
}


@inproceedings{Chilton:2013:CCT:2470654.2466265,
 author = {Chilton, Lydia B. and Little, Greg and Edge, Darren and Weld, Daniel S. and Landay, James A.},
 title = {Cascade: Crowdsourcing Taxonomy Creation},
 booktitle = {Proceedings of the SIGCHI Conference on Human Factors in Computing Systems},
 series = {CHI '13},
 year = {2013},
 isbn = {978-1-4503-1899-0},
 location = {Paris, France},
 pages = {1999--2008},
 numpages = {10},
 url = {http://doi.acm.org/10.1145/2470654.2466265},
 doi = {10.1145/2470654.2466265},
 acmid = {2466265},
 publisher = {ACM},
 address = {New York, NY, USA},
 keywords = {algorithm, crowdsourcing, human computation, information architecture},
} 

@article{klein2006making,
  title={Making sense of sensemaking 2: A macrocognitive model},
  author={Klein, Gary and Moon, Brian and Hoffman, Robert R},
  journal={Intelligent Systems, IEEE},
  volume={21},
  number={5},
  pages={88--92},
  year={2006},
  publisher={IEEE}
}

@inproceedings{kittur2008can,
  title={Can you ever trust a wiki?: impacting perceived trustworthiness in wikipedia},
  author={Kittur, Aniket and Suh, Bongwon and Chi, Ed H},
  booktitle={Proceedings of the 2008 ACM conference on Computer supported cooperative work},
  pages={477--480},
  year={2008},
  organization={ACM}
}

@inproceedings{dearman2010users,
  title={Why users of yahoo!: answers do not answer questions},
  author={Dearman, David and Truong, Khai N},
  booktitle={Proceedings of the SIGCHI Conference on Human Factors in Computing Systems},
  pages={329--332},
  year={2010},
  organization={ACM}
}

@inproceedings{mamykina2011design,
  title={Design lessons from the fastest q\&a site in the west},
  author={Mamykina, Lena and Manoim, Bella and Mittal, Manas and Hripcsak, George and Hartmann, Bj{\"o}rn},
  booktitle={Proceedings of the SIGCHI conference on Human factors in computing systems},
  pages={2857--2866},
  year={2011},
  organization={ACM}
}

@inproceedings{andre2014effects,
  title={Effects of simultaneous and sequential work structures on distributed collaborative interdependent tasks},
  author={Andr{\'e}, Paul and Kraut, Robert E and Kittur, Aniket},
  booktitle={Proceedings of the SIGCHI Conference on Human Factors in Computing Systems},
  pages={139--148},
  year={2014},
  organization={ACM}
}


@inproceedings{tausczik2014collaborative,
  title={Collaborative problem solving: a study of mathoverflow},
  author={Tausczik, Yla R and Kittur, Aniket and Kraut, Robert E},
  booktitle={Proceedings of the 17th ACM conference on Computer supported cooperative work \& social computing},
  pages={355--367},
  year={2014},
  organization={ACM}
}

@inproceedings{Kamar:2013:LET:2484920.2485011,
 author = {Kamar, Ece and Horvitz, Eric},
 title = {Light at the End of the Tunnel: A Monte Carlo Approach to Computing Value of Information},
 booktitle = {Proceedings of the 2013 International Conference on Autonomous Agents and Multi-agent Systems},
 series = {AAMAS '13},
 year = {2013},
 isbn = {978-1-4503-1993-5},
 location = {St. Paul, MN, USA},
 pages = {571--578},
 numpages = {8},
 url = {http://dl.acm.org/citation.cfm?id=2484920.2485011},
 acmid = {2485011},
 publisher = {International Foundation for Autonomous Agents and Multiagent Systems},
 address = {Richland, SC},
 keywords = {POMDP, crowdsourcing systems, monte carlo planning},
} 

@inproceedings{Kittur:2012:CVM:2145204.2145357,
 author = {Kittur, Aniket and Khamkar, Susheel and Andr{\'e}, Paul and Kraut, Robert},
 title = {CrowdWeaver: Visually Managing Complex Crowd Work},
 booktitle = {Proceedings of the ACM 2012 Conference on Computer Supported Cooperative Work},
 series = {CSCW '12},
 year = {2012},
 isbn = {978-1-4503-1086-4},
 location = {Seattle, Washington, USA},
 pages = {1033--1036},
 numpages = {4},
 url = {http://doi.acm.org/10.1145/2145204.2145357},
 doi = {10.1145/2145204.2145357},
 acmid = {2145357},
 publisher = {ACM},
 address = {New York, NY, USA},
 keywords = {coordination, crowdsourcing, visualization, workflow},
} 

@inproceedings{kim2014crowdsourcing,
  title={Crowdsourcing step-by-step information extraction to enhance existing how-to videos},
  author={Kim, Juho and Nguyen, Phu Tran and Weir, Sarah and Guo, Philip J and Miller, Robert C and Gajos, Krzysztof Z},
  booktitle={Proceedings of the 32nd annual ACM conference on Human factors in computing systems},
  pages={4017--4026},
  year={2014},
  organization={ACM}
}


@inproceedings{baldonado1997sensemaker,
  title={SenseMaker: an information-exploration interface supporting the contextual evolution of a user's interests},
  author={Baldonado, Michelle Q Wang and Winograd, Terry},
  booktitle={Proceedings of the ACM SIGCHI Conference on Human factors in computing systems},
  pages={11--18},
  year={1997},
  organization={ACM}
}

@inproceedings{cutting1992scatter,
  title={Scatter/gather: A cluster-based approach to browsing large document collections},
  author={Cutting, Douglass R and Karger, David R and Pedersen, Jan O and Tukey, John W},
  booktitle={Proceedings of the 15th annual international ACM SIGIR conference on Research and development in information retrieval},
  pages={318--329},
  year={1992},
  organization={ACM}
}

@book{dervin1983overview,
  title={An overview of sense-making research: Concepts, methods, and results to date},
  author={Dervin, Brenda},
  year={1983},
  publisher={The Author}
}

@article{dervin1998sense,
  title={Sense-making theory and practice: an overview of user interests in knowledge seeking and use},
  author={Dervin, Brenda},
  journal={Journal of knowledge management},
  volume={2},
  number={2},
  pages={36--46},
  year={1998},
  publisher={MCB UP Ltd}
}

@inproceedings{paul2010understanding,
  title={Understanding together: sensemaking in collaborative information seeking},
  author={Paul, Sharoda A and Reddy, Madhu C},
  booktitle={Proceedings of the 2010 ACM conference on Computer supported cooperative work},
  pages={321--330},
  year={2010},
  organization={ACM}
}

@book{karl1995sensemaking,
  title={Sensemaking in organizations},
  author={Karl E. Weick},
  volume={3},
  year={1995},
  publisher={Sage}
}

@inproceedings{mckeown1999towards,
  title={Towards multidocument summarization by reformulation: Progress and prospects},
  author={McKeown, Kathleen and Klavans, Judith and Hatzivassiloglou, Vasileios and Barzilay, Regina and Eskin, Eleazar},
  booktitle={AAAI/IAAI},
  pages={453--460},
  year={1999}
}

@article{dervin1992mind,
  title={From the mind’s eye of the user: The sense-making qualitative-quantitative methodology},
  author={Dervin, Brenda},
  journal={Qualitative research in information management},
  volume={9},
  pages={61--84},
  year={1992}
}

@inproceedings{morris2010wesearch,
  title={WeSearch: supporting collaborative search and sensemaking on a tabletop display},
  author={Morris, Meredith Ringel and Lombardo, Jarrod and Wigdor, Daniel},
  booktitle={Proceedings of the 2010 ACM conference on Computer supported cooperative work},
  pages={401--410},
  year={2010},
  organization={ACM}
}

@inproceedings{paul2009cosense,
  title={CoSense: enhancing sensemaking for collaborative web search},
  author={Paul, Sharoda A and Morris, Meredith Ringel},
  booktitle={Proceedings of the SIGCHI Conference on Human Factors in Computing Systems},
  pages={1771--1780},
  year={2009},
  organization={ACM}
}

@inproceedings{barzilay1999information,
  title={Information fusion in the context of multi-document summarization},
  author={Barzilay, Regina and McKeown, Kathleen R and Elhadad, Michael},
  booktitle={Proceedings of the 37th annual meeting of the Association for Computational Linguistics on Computational Linguistics},
  pages={550--557},
  year={1999},
  organization={Association for Computational Linguistics}
}

@inproceedings{goldstein2000multi,
  title={Multi-document summarization by sentence extraction},
  author={Goldstein, Jade and Mittal, Vibhu and Carbonell, Jaime and Kantrowitz, Mark},
  booktitle={Proceedings of the 2000 NAACL-ANLPWorkshop on Automatic summarization-Volume 4},
  pages={40--48},
  year={2000},
  organization={Association for Computational Linguistics}
}

@article{mani1997multi,
  title={Multi-document summarization by graph search and matching},
  author={Mani, Inderjeet and Bloedorn, Eric},
  journal={arXiv preprint cmp-lg/9712004},
  year={1997}
}

@inproceedings{lasecki2013legion,
  title={Legion scribe: real-time captioning by the non-experts},
  author={Lasecki, Walter S and Miller, Christopher D and Kushalnagar, Raja and Bigham, Jeffrey P},
  booktitle={Proceedings of the 10th International Cross-Disciplinary Conference on Web Accessibility},
  pages={22},
  year={2013},
  organization={ACM}
}

@inproceedings{ahmad2011jabberwocky,
  title={The jabberwocky programming environment for structured social computing},
  author={Ahmad, Salman and Battle, Alexis and Malkani, Zahan and Kamvar, Sepander},
  booktitle={Proceedings of the 24th annual ACM symposium on User interface software and technology},
  pages={53--64},
  year={2011},
  organization={ACM}
}

@article{gioia1991sensemaking,
  title={Sensemaking and sensegiving in strategic change initiation},
  author={Gioia, Dennis A and Chittipeddi, Kumar},
  journal={Strategic management journal},
  volume={12},
  number={6},
  pages={433--448},
  year={1991},
  publisher={Wiley Online Library}
}

@article{daft1984toward,
  title={Toward a model of organizations as interpretation systems},
  author={Daft, Richard L and Weick, Karl E},
  journal={Academy of management review},
  volume={9},
  number={2},
  pages={284--295},
  year={1984},
  publisher={Academy of management}
}

@article{milliken1990perceiving,
  title={Perceiving and interpreting environmental change: An examination of college administrators' interpretation of changing demographics},
  author={Milliken, Frances J},
  journal={Academy of management Journal},
  volume={33},
  number={1},
  pages={42--63},
  year={1990},
  publisher={Academy of Management}
}

@article{erkan2004lexrank,
  title={LexRank: graph-based lexical centrality as salience in text summarization},
  author={Erkan, G{\"u}nes and Radev, Dragomir R},
  journal={Journal of Artificial Intelligence Research},
  pages={457--479},
  year={2004}
}

@article{hahn1999knowledge,
  title={Knowledge-based text summarization: Salience and generalization operators for knowledge base abstraction},
  author={Hahn, Udo and Reimer, Ulrich},
  journal={Advances in Automatic Text Summarization},
  pages={215--232},
  year={1999},
  publisher={MIT Press, Cambridge, Mass}
}

@inproceedings{dang2007overview,
  title={Overview of the TREC 2007 Question Answering Track.},
  author={Dang, Hoa Trang and Kelly, Diane and Lin, Jimmy J},
  booktitle={TREC},
  volume={7},
  pages={63},
  year={2007}
}

@article{gupta2010survey,
  title={A survey of text summarization extractive techniques},
  author={Gupta, Vishal and Lehal, Gurpreet Singh},
  journal={Journal of Emerging Technologies in Web Intelligence},
  volume={2},
  number={3},
  pages={258--268},
  year={2010}
}


@article{bernstein2010personalization,
  title={Personalization via friendsourcing},
  author={Bernstein, Michael S and Tan, Desney and Smith, Greg and Czerwinski, Mary and Horvitz, Eric},
  journal={ACM Transactions on Computer-Human Interaction (TOCHI)},
  volume={17},
  number={2},
  pages={6},
  year={2010},
  publisher={ACM}
}