

@inproceedings{belkin2001rutgers,
  title={Rutgers' TREC 2001 interactive track experience},
  author={Belkin, Nicholas J and Cool, Colleen and Jeng, Judy and Keller, Amymarie and Kelly, Diane and Kim, Ja-Young and Lee, Hyuk-Jin and Muh-Chyun (Morris) Tang and Yuan, Xiao-Jun},
  booktitle={TREC},
  year={2001}
}

@article{jansen2000real,
  title={Real life, real users, and real needs: a study and analysis of user queries on the web},
  author={Jansen, Bernard J and Spink, Amanda and Saracevic, Tefko},
  journal={Information processing \& management},
  volume={36},
  number={2},
  pages={207--227},
  year={2000},
  publisher={Elsevier}
}

@article{franzen2000verbosity,
  title={Verbosity and interface design},
  author={Franzen, Kristofer and Karlgren, Jussi},
  journal={SICS Research Report},
  year={2000},
  publisher={Swedish Institute of Computer Science}
}

@article{salton1990improving,
  title={Improving retrieval performance by relevance feedback},
  author={Salton, Gerard and Buckley, Chris},
  journal={Journal of the American society for information science},
  volume={41},
  number={4},
  pages={288--297},
  year={1990},
  publisher={Wiley Online Library}
}
@article{rui1998relevance,
  title={Relevance feedback: a power tool for interactive content-based image retrieval},
  author={Rui, Yong and Huang, Thomas S and Ortega, Michael and Mehrotra, Sharad},
  journal={IEEE Transactions on circuits and systems for video technology},
  volume={8},
  number={5},
  pages={644--655},
  year={1998},
  publisher={IEEE}
}


@inproceedings{belkin2003query,
  title={Query length in interactive information retrieval},
  author={Belkin, Nicholas J and Kelly, Diane and Kim, G and Kim, J-Y and Lee, H-J and Muresan, Gheorghe and Tang, M-C and Yuan, X-J and Cool, Colleen},
  booktitle={Proceedings of the 26th annual international ACM SIGIR conference on Research and development in informaion retrieval},
  pages={205--212},
  year={2003},
  organization={ACM}
}




@inproceedings{aula2005information,
  title={Information search and re-access strategies of experienced web users},
  author={Aula, Anne and Jhaveri, Natalie and K{\"a}ki, Mika},
  booktitle={Proceedings of the 14th international conference on World Wide Web},
  pages={583--592},
  year={2005},
  organization={ACM}
}

@inproceedings{morris2008survey,
  title={A survey of collaborative web search practices},
  author={Morris, Meredith Ringel},
  booktitle={Proceedings of the SIGCHI Conference on Human Factors in Computing Systems},
  pages={1657--1660},
  year={2008},
  organization={ACM}
}


@book{stephens1986foraging,
  title={Foraging theory},
  author={Stephens, David W and Krebs, John R},
  year={1986},
  publisher={Princeton University Press}
}
@inproceedings{qvarfordt2013looking,
  title={Looking ahead: query preview in exploratory search},
  author={Qvarfordt, Pernilla and Golovchinsky, Gene and Dunnigan, Tony and Agapie, Elena},
  booktitle={Proceedings of the 36th international ACM SIGIR conference on Research and development in information retrieval},
  pages={243--252},
  year={2013},
  organization={ACM}
}
@inproceedings{nguyen2014aida,
  title={AIDA-light: High-Throughput Named-Entity Disambiguation.},
  author={Nguyen, Dat Ba and Hoffart, Johannes and Theobald, Martin and Weikum, Gerhard},
  booktitle={LDOW},
  year={2014},
  organization={Citeseer}
}

@misc{porter2001snowball,
  title={Snowball: A language for stemming algorithms},
  author={Porter, Martin F},
  year={2001}
}

@article{de2015navigating,
  title={Navigating by the stars: Investigating the actual and perceived validity of online user ratings},
  author={De Langhe, Bart and Fernbach, Philip M and Lichtenstein, Donald R},
  journal={Journal of Consumer Research},
  volume={42},
  number={6},
  pages={817--833},
  year={2015},
  publisher={The University of Chicago Press}
}
@inproceedings{cutting2017scatter,
  title={Scatter/gather: A cluster-based approach to browsing large document collections},
  author={Cutting, Douglass R and Karger, David R and Pedersen, Jan O and Tukey, John W},
  booktitle={ACM SIGIR Forum},
  volume={51},
  number={2},
  pages={148--159},
  year={2017},
  organization={ACM}
}
@inproceedings{hoeber2006comparative,
  title={A comparative user study of web search interfaces: HotMap, Concept Highlighter, and Google},
  author={Hoeber, Orland and Yang, Xue Dong},
  booktitle={Web Intelligence, 2006. WI 2006. IEEE/WIC/ACM International Conference on},
  pages={866--874},
  year={2006},
  organization={IEEE}
}

@inproceedings{di2018study,
  title={A Study on User-Controllable Social Exploratory Search},
  author={di Sciascio, Cecilia and Brusilovsky, Peter and Veas, Eduardo},
  booktitle={23rd International Conference on Intelligent User Interfaces},
  pages={353--364},
  year={2018},
  organization={ACM}
}

@inproceedings{di2016rank,
  title={Rank as you go: User-driven exploration of search results},
  author={di Sciascio, Cecilia and Sabol, Vedran and Veas, Eduardo E},
  booktitle={Proceedings of the 21st International Conference on Intelligent User Interfaces},
  pages={118--129},
  year={2016},
  organization={ACM}
}

@article{robertson2009probabilistic,
  title={The probabilistic relevance framework: BM25 and beyond},
  author={Robertson, Stephen and Zaragoza, Hugo and others},
  journal={Foundations and Trends{\textregistered} in Information Retrieval},
  volume={3},
  number={4},
  pages={333--389},
  year={2009},
  publisher={Now Publishers, Inc.}
}
@inproceedings{mcauley2013hidden,
  title={Hidden factors and hidden topics: understanding rating dimensions with review text},
  author={McAuley, Julian and Leskovec, Jure},
  booktitle={Proceedings of the 7th ACM conference on Recommender systems},
  pages={165--172},
  year={2013},
  organization={ACM}
}

@misc{yelpdata,
  author={Yelp Inc.},
  year={2016},
  title={{The Yelp Dataset Challenge: Discover what insights lie hidden in our data.}},
  howpublished={{https://www.yelp.com/dataset/challenge}},
  note = {Accessed: 2017-09-10}
}

@inproceedings{Furnas:1986:GFV:22627.22342,
 author = {Furnas, G. W.},
 title = {Generalized Fisheye Views},
 booktitle = {Proceedings of the SIGCHI Conference on Human Factors in Computing Systems},
 series = {CHI '86},
 year = {1986},
 isbn = {0-89791-180-6},
 location = {Boston, Massachusetts, USA},
 pages = {16--23},
 numpages = {8},
 url = {http://doi.acm.org/10.1145/22627.22342},
 doi = {10.1145/22627.22342},
 acmid = {22342},
 publisher = {ACM},
 address = {New York, NY, USA},
} 

@article{van2009search,
  title={“Search, show context, expand on demand”: supporting large graph exploration with degree-of-interest},
  author={Van Ham, Frank and Perer, Adam},
  journal={IEEE Transactions on Visualization and Computer Graphics},
  volume={15},
  number={6},
  year={2009},
  publisher={IEEE}
}

@inproceedings{shneiderman2001ordered,
  title={Ordered treemap layouts},
  author={Shneiderman, Ben and Wattenberg, Martin},
  booktitle={Information Visualization, 2001. INFOVIS 2001. IEEE Symposium on},
  pages={73--78},
  year={2001},
  organization={IEEE}
}
@article{jurish2013word,
  title={Word and Sentence Tokenization with Hidden Markov Models.},
  author={Jurish, Bryan and W{\"u}rzner, Kay-Michael},
  journal={JLCL},
  volume={28},
  number={2},
  pages={61--83},
  year={2013}
}
@book{van1980new,
  title={New models in probabilistic information retrieval},
  chapter={6},
  author={Van Rijsbergen, Cornelis J and Robertson, Stephen Edward and Porter, Martin F},
  year={1980},
  publisher={British Library Research and Development Department London}
}
@inproceedings{bird2004nltk,
  title={NLTK: the natural language toolkit},
  author={Bird, Steven and Loper, Edward},
  booktitle={Proceedings of the ACL 2004 on Interactive poster and demonstration sessions},
  pages={31},
  year={2004},
  organization={Association for Computational Linguistics}
}
@inproceedings{rehurek_lrec,
      title = {{Software Framework for Topic Modelling with Large Corpora}},
      author = {Radim {\v R}eh{\r u}{\v r}ek and Petr Sojka},
      booktitle = {{Proceedings of the LREC 2010 Workshop on New
           Challenges for NLP Frameworks}},
      pages = {45--50},
      year = 2010,
      month = May,
      day = 22,
      publisher = {ELRA},
      address = {Valletta, Malta},
      note={\url{http://is.muni.cz/publication/884893/en}},
      language={English}
}
@inproceedings{xu1996query,
  title={Query expansion using local and global document analysis},
  author={Xu, Jinxi and Croft, W Bruce},
  booktitle={Proceedings of the 19th annual international ACM SIGIR conference on Research and development in information retrieval},
  pages={4--11},
  year={1996},
  organization={ACM}
}
@inproceedings{sarwar2001item,
  title={Item-based collaborative filtering recommendation algorithms},
  author={Sarwar, Badrul and Karypis, George and Konstan, Joseph and Riedl, John},
  booktitle={Proceedings of the 10th international conference on World Wide Web},
  pages={285--295},
  year={2001},
  organization={ACM}
}

@inproceedings{ahn2007open,
  title={Open user profiles for adaptive news systems: help or harm?},
  author={Ahn, Jae-wook and Brusilovsky, Peter and Grady, Jonathan and He, Daqing and Syn, Sue Yeon},
  booktitle={Proceedings of the 16th international conference on World Wide Web},
  pages={11--20},
  year={2007},
  organization={ACM}
}
@inproceedings{yang2006retroactive,
  title={Retroactive answering of search queries},
  author={Yang, Beverly and Jeh, Glen},
  booktitle={Proceedings of the 15th international conference on World Wide Web},
  pages={457--466},
  year={2006},
  organization={ACM}
}
@inproceedings{chen1998webmate,
  title={WebMate: A personal agent for browsing and searching},
  author={Chen, Liren and Sycara, Katia},
  booktitle={Proceedings of the second international conference on Autonomous agents},
  pages={132--139},
  year={1998},
  organization={ACM}
}
@article{wu2008interpreting,
  title={Interpreting tf-idf term weights as making relevance decisions},
  author={Wu, Ho Chung and Luk, Robert Wing Pong and Wong, Kam Fai and Kwok, Kui Lam},
  journal={ACM Transactions on Information Systems (TOIS)},
  volume={26},
  number={3},
  pages={13},
  year={2008},
  publisher={ACM}
}
@article{ahn2009adaptive,
  title={Adaptive visualization of search results: Bringing user models to visual analytics},
  author={Ahn, Jae-wook and Brusilovsky, Peter},
  journal={Information Visualization},
  volume={8},
  number={3},
  pages={167--179},
  year={2009},
  publisher={SAGE Publications Sage UK: London, England}
}
@inproceedings{peltonen2017negative,
  title={Negative Relevance Feedback for Exploratory Search with Visual Interactive Intent Modeling},
  author={Peltonen, Jaakko and Strahl, Jonathan and Flor{\'e}en, Patrik},
  booktitle={Proceedings of the 22nd International Conference on Intelligent User Interfaces},
  pages={149--159},
  year={2017},
  organization={ACM}
}
@inproceedings{burges2005learning,
  title={Learning to rank using gradient descent},
  author={Burges, Chris and Shaked, Tal and Renshaw, Erin and Lazier, Ari and Deeds, Matt and Hamilton, Nicole and Hullender, Greg},
  booktitle={Proceedings of the 22nd international conference on Machine learning},
  pages={89--96},
  year={2005},
  organization={ACM}
}
@inproceedings{cao2007learning,
  title={Learning to rank: from pairwise approach to listwise approach},
  author={Cao, Zhe and Qin, Tao and Liu, Tie-Yan and Tsai, Ming-Feng and Li, Hang},
  booktitle={Proceedings of the 24th international conference on Machine learning},
  pages={129--136},
  year={2007},
  organization={ACM}
}
@inproceedings{speretta2005personalized,
  title={Personalized search based on user search histories},
  author={Speretta, Mirco and Gauch, Susan},
  booktitle={Web Intelligence, 2005. Proceedings. The 2005 IEEE/WIC/ACM International Conference on},
  pages={622--628},
  year={2005},
  organization={IEEE}
}
@inproceedings{shen2005implicit,
  title={Implicit user modeling for personalized search},
  author={Shen, Xuehua and Tan, Bin and Zhai, ChengXiang},
  booktitle={Proceedings of the 14th ACM international conference on Information and knowledge management},
  pages={824--831},
  year={2005},
  organization={ACM}
}
@inproceedings{bota2016playing,
  title={Playing your cards right: The effect of entity cards on search behaviour and workload},
  author={Bota, Horatiu and Zhou, Ke and Jose, Joemon M},
  booktitle={Proceedings of the 2016 ACM on Conference on Human Information Interaction and Retrieval},
  pages={131--140},
  year={2016},
  organization={ACM}
}
@inproceedings{yi2009discovering,
  title={Discovering users' specific geo intention in web search},
  author={Yi, Xing and Raghavan, Hema and Leggetter, Chris},
  booktitle={Proceedings of the 18th international conference on World wide web},
  pages={481--490},
  year={2009},
  organization={ACM}
}

@inproceedings{fogarty2008cueflik,
  title={CueFlik: interactive concept learning in image search},
  author={Fogarty, James and Tan, Desney and Kapoor, Ashish and Winder, Simon},
  booktitle={Proceedings of the sigchi conference on human factors in computing systems},
  pages={29--38},
  year={2008},
  organization={ACM}
}

@inproceedings{chen2018anchorviz,
  title={AnchorViz: Facilitating Classifier Error Discovery through Interactive Semantic Data Exploration},
  author={Chen, Nan-Chen and Suh, Jina and Verwey, Johan and Ramos, Gonzalo and Drucker, Steven and Simard, Patrice},
  booktitle={23rd International Conference on Intelligent User Interfaces},
  pages={269--280},
  year={2018},
  organization={ACM}
}