@misc{Yelpcum70:online,
author = {Statista},
title = {Yelp: cumulative number of reviews 2019 | Statista},
howpublished = {\url{https://www.statista.com/statistics/278032/cumulative-number-of-reviews-submitted-to-yelp/}},
year = {2019},
note = {(Accessed on 05/06/2020)}
}


@article{simon1996designing,
  title={Designing organizations for an information-rich world},
  author={Simon, Herbert A},
  journal={International Library of Critical Writings in Economics},
  volume={70},
  pages={187--202},
  year={1996}
}


@inproceedings{hu2004mining,
  title={Mining and summarizing customer reviews},
  author={Hu, Minqing and Liu, Bing},
  booktitle={Proceedings of the tenth ACM SIGKDD international conference on Knowledge discovery and data mining},
  pages={168--177},
  year={2004}
}
@article{de2016navigating,
  title={Navigating by the stars: Investigating the actual and perceived validity of online user ratings},
  author={De Langhe, Bart and Fernbach, Philip M and Lichtenstein, Donald R},
  journal={Journal of Consumer Research},
  volume={42},
  number={6},
  pages={817--833},
  year={2016},
  publisher={The University of Chicago Press}
}
@inproceedings{akbik2019flair,
  title={FLAIR: An easy-to-use framework for state-of-the-art NLP},
  author={Akbik, Alan and Bergmann, Tanja and Blythe, Duncan and Rasul, Kashif and Schweter, Stefan and Vollgraf, Roland},
  booktitle={Proceedings of the 2019 Conference of the North American Chapter of the Association for Computational Linguistics (Demonstrations)},
  pages={54--59},
  year={2019}
}
@inproceedings{hutto2014vader,
  title={Vader: A parsimonious rule-based model for sentiment analysis of social media text},
  author={Hutto, Clayton J and Gilbert, Eric},
  booktitle={Eighth international AAAI conference on weblogs and social media},
  year={2014}
}
@inproceedings{nelson2009little,
  title={With a little help from my friends: examining the impact of social annotations in sensemaking tasks},
  author={Nelson, Les and Held, Christoph and Pirolli, Peter and Hong, Lichan and Schiano, Diane and Chi, Ed H},
  booktitle={Proceedings of the SIGCHI conference on human factors in computing systems},
  pages={1795--1798},
  year={2009}
}
@inproceedings{kammerer2009signpost,
  title={Signpost from the masses: learning effects in an exploratory social tag search browser},
  author={Kammerer, Yvonne and Nairn, Rowan and Pirolli, Peter and Chi, Ed H},
  booktitle={Proceedings of the SIGCHI conference on human factors in computing systems},
  pages={625--634},
  year={2009}
}
@article{siegenthaler2012reading,
  title={Reading on LCD vs e-Ink displays: effects on fatigue and visual strain},
  author={Siegenthaler, Eva and Bochud, Yves and Bergamin, Per and Wurtz, Pascal},
  journal={Ophthalmic and Physiological Optics},
  volume={32},
  number={5},
  pages={367--374},
  year={2012},
  publisher={Wiley Online Library}
}
@article{charmaz2007grounded,
  title={Grounded theory},
  author={Charmaz, Kathy and Belgrave, Linda Liska},
  journal={The Blackwell encyclopedia of sociology},
  year={2007},
  publisher={Wiley Online Library}
}
@article{bobadilla2013recommender,
  title={Recommender systems survey},
  author={Bobadilla, Jes{\'u}s and Ortega, Fernando and Hernando, Antonio and Guti{\'e}rrez, Abraham},
  journal={Knowledge-based systems},
  volume={46},
  pages={109--132},
  year={2013},
  publisher={Elsevier}
}
@inproceedings{altmann2004task,
  title={Task interruption: Resumption lag and the role of cues},
  author={Altmann, Erik M and Trafton, J Gregory},
  booktitle={Proceedings of the Annual Meeting of the Cognitive Science Society},
  volume={26},
  year={2004}
}
@article{hu2009overcoming,
  title={Overcoming the J-shaped distribution of product reviews},
  author={Hu, Nan and Zhang, Jie and Pavlou, Paul A},
  journal={Communications of the ACM},
  volume={52},
  number={10},
  pages={144--147},
  year={2009},
  publisher={ACM New York, NY, USA}
}
@misc{Howmerch65:online,
author = {Dwoskin, Elizabeth and Timberg, Craig},
title = {How merchants use Facebook to flood Amazon with fake reviews - The Washington Post},
howpublished = {\url{https://www.washingtonpost.com/business/economy/
how-merchants-secretly-use- facebook-to-flood-\
amazon-with-fake-reviews/2018/04/23/ 5dad1e30-4392-11e8-8569-26fda6b404c7_story.html}},
year = {2018},
note = {(Accessed on 05/06/2020)}
}
@inproceedings{chang2019searchlens,
  title={SearchLens: Composing and capturing complex user interests for exploratory search},
  author={Chang, Joseph Chee and Hahn, Nathan and Perer, Adam and Kittur, Aniket},
  booktitle={Proceedings of the 24th International Conference on Intelligent User Interfaces},
  pages={498--509},
  year={2019}
}
@article{hoch1986consumer,
  title={Consumer learning: Advertising and the ambiguity of product experience},
  author={Hoch, Stephen J and Ha, Young-Won},
  journal={Journal of consumer research},
  volume={13},
  number={2},
  pages={221--233},
  year={1986},
  publisher={The University of Chicago Press}
}
@article{shugan1980cost,
  title={The cost of thinking},
  author={Shugan, Steven M},
  journal={Journal of consumer Research},
  volume={7},
  number={2},
  pages={99--111},
  year={1980},
  publisher={The University of Chicago Press}
}
@inproceedings{Lops2011ContentbasedRS,
  title={Content-based Recommender Systems: State of the Art and Trends},
  author={Pasquale Lops and Marco Degemmis and Giovanni Semeraro},
  booktitle={Recommender Systems Handbook},
  year={2011}
}
@article{schraefel2006mspace,
  title={mSpace: improving information access to multimedia domains with multimodal exploratory search},
  author={Schraefel, MC and Wilson, Max and Russell, Alistair and Smith, Daniel A},
  journal={Communications of the ACM},
  volume={49},
  number={4},
  pages={47--49},
  year={2006},
  publisher={ACM New York, NY, USA}
}
@inproceedings{spenke1996focus,
  title={FOCUS: the interactive table for product comparison and selection},
  author={Spenke, Michael and Beilken, Christian and Berlage, Thomas},
  booktitle={Proceedings of the 9th annual ACM symposium on User interface software and technology},
  pages={41--50},
  year={1996}
}
@inproceedings{chi1997spreadsheet,
  title={A spreadsheet approach to information visualization},
  author={Chi, EH-H and Barry, Phillip and Riedl, John and Konstan, Joseph},
  booktitle={Proceedings of VIZ'97: Visualization Conference, Information Visualization Symposium and Parallel Rendering Symposium},
  pages={17--24},
  year={1997},
  organization={IEEE}
}
@inproceedings{rao1994table,
  title={The table lens: merging graphical and symbolic representations in an interactive focus+ context visualization for tabular information},
  author={Rao, Ramana and Card, Stuart K},
  booktitle={Proceedings of the SIGCHI conference on Human factors in computing systems},
  pages={318--322},
  year={1994}
}
@inproceedings{chen2017explaining,
  title={Explaining recommendations based on feature sentiments in product reviews},
  author={Chen, Li and Wang, Feng},
  booktitle={Proceedings of the 22nd International Conference on Intelligent User Interfaces},
  pages={17--28},
  year={2017}
}
@article{chen2014experiment,
  title={Experiment on sentiment embedded comparison interface},
  author={Chen, Li and Wang, Feng and Qi, Luole and Liang, Fengfeng},
  journal={Knowledge-Based Systems},
  volume={64},
  pages={44--58},
  year={2014},
  publisher={Elsevier}
}


@inproceedings{bilgic2005explaining,
  title={Explaining recommendations: Satisfaction vs. promotion},
  author={Bilgic, Mustafa and Mooney, Raymond J},
  booktitle={Beyond Personalization Workshop, IUI},
  volume={5},
  pages={153},
  year={2005}
}

@inproceedings{10.1145/3313831.3376715,
author = {Huang, Chieh-Yang and Huang, Shih-Hong and Huang, Ting-Hao Kenneth},
title = {Heteroglossia: In-Situ Story Ideation with the Crowd},
year = {2020},
isbn = {9781450367080},
publisher = {Association for Computing Machinery},
address = {New York, NY, USA},
url = {https://doi.org/10.1145/3313831.3376715},
doi = {10.1145/3313831.3376715},
booktitle = {Proceedings of the 2020 CHI Conference on Human Factors in Computing Systems},
pages = {1–12},
numpages = {12},
keywords = {creative writing, role play, crowdsourcing, story, ideation},
location = {Honolulu, HI, USA},
series = {CHI ’20}
}
  @inproceedings{liu2019unakite,
  title={Unakite: Scaffolding Developers' Decision-Making Using the Web},
  author={Liu, Michael Xieyang and Hsieh, Jane and Hahn, Nathan and Zhou, Angelina and Deng, Emily and Burley, Shaun and Taylor, Cynthia and Kittur, Aniket and Myers, Brad A},
  booktitle={Proceedings of the 32nd Annual ACM Symposium on User Interface Software and Technology},
  pages={67--80},
  year={2019}
}